1810 3074
358 181 449 212 Ordo
474 179 498 214 1.
524 179 742 222 Rhynchota.
771 180 864 214 Trzb.
888 181 921 214 4.
947 166 1124 215 cicadina.
1160 184 1258 216 Fam.
1282 187 1315 219 ⁵.
1344 184 1568 221 Cicadellina.

208 278 482 344 majoribus
515 281 669 344 spinis
710 282 1006 344 angulorum
1046 288 1376 332 externorum
1414 291 1728 349 superantur,

207 360 295 406 scd
322 361 481 407 multo
504 359 795 423 graciliores
824 363 937 404 sunt
960 363 1110 422 atque
1129 363 1286 425 magis
1305 364 1356 409 in
1380 364 1599 426 pilorum
1622 363 1729 410 for-

204 452 342 483 mam
385 439 617 484 redactae
628 451 640 493 3
695 452 908 484 numero
957 444 1125 484 autem
1164 445 1355 487 ceteras
1397 441 1552 488 series
1581 442 1726 489 valde

206 515 475 562 excedunt.
548 515 767 578 Quartae
797 515 946 561 seriei
972 516 1145 578 spinae
1176 516 1229 562 in
1249 519 1431 581 angulo
1461 518 1625 566 infero
1646 519 1727 566 in-

203 596 348 639 terno
391 593 566 640 sedent
600 598 650 639 et
683 608 710 639 a
746 592 953 655 reliquis
986 595 1193 656 (pridem
1223 596 1592 658 magnitudine,
1635 597 1724 644 vix

201 674 372 717 autem
394 687 609 717 numero
627 671 881 717 recedunt.
917 672 975 717 In
1000 672 1146 719 icone
1163 677 1332 718 nostra
1347 673 1462 733 (5.)‚
1485 674 1725 735 quoniam

198 749 684 811 perpendiculariter
729 749 1062 808 descendunt,
1106 766 1206 796 non
1241 756 1451 812 possunt
1483 752 1721 813 conspici.

197 825 463 873 Tibiarum
483 828 686 873 tandem
701 841 832 888 apex
854 826 1155 874 incrassatus
1179 831 1272 884 est,
1300 831 1349 873 et
1369 827 1537 874 intoto
1561 829 1723 875 ambi-

194 908 248 950 tu
273 905 466 966 postico
489 905 720 951 dentibus
740 905 915 952 validis
940 904 1178 951 brevibus
1198 904 1352 967 nigris
1374 911 1609 953 armatus.

331 983 498 1031 TAnst
525 984 604 1044 (4)
618 998 791 1029 omnes
812 983 1141 1042 triarticulati,
1173 982 1367 1028 articuli
1386 984 1538 1044 primi
1559 989 1721 1031 tarso-

190 1066 532 1122 rumquatuor
552 1060 859 1107 anteriorum
882 1061 1133 1122 aequales,
1152 1061 1392 1119 minores,
1413 1060 1530 1107 setis
1552 1076 1720 1107 arma-

190 1137 225 1184 ti
238 1153 251 1195 3
285 1139 461 1185 tertius
483 1138 699 1201 longior,
720 1138 878 1201 magis
898 1143 1089 1185 setosus
1111 1144 1260 1201 atque
1281 1138 1333 1183 in
1355 1139 1495 1200 apice
1519 1155 1719 1186 summo

188 1231 338 1278 supra
361 1232 551 1280 ungues
573 1216 691 1262 setis
705 1221 941 1264 armatus.
976 1217 1173 1280 Ungues
1193 1217 1375 1263 breves
1394 1217 1575 1263 adunci
1597 1217 1719 1264 sim—

186 1294 342 1356 plices
356 1328 373 1351 ,
410 1294 580 1340 aroliis
605 1293 798 1339 duolms
823 1292 1032 1340 suffulti.
1104 1294 1248 1340 Tarsi
1279 1294 1459 1356 postici
1481 1309 1715 1356 praeser-

186 1372 277 1417 tim
300 1371 609 1434 longitudine
644 1371 839 1417 articuli
871 1371 1023 1433 primi
1045 1370 1311 1431 differunt,
1354 1372 1441 1434 qui
1475 1372 1713 1419 articulus

188 1449 514 1511 sequentibus
548 1448 744 1494 duobus
776 1450 1046 1509 adaequat,
1095 1454 1245 1511 atque
1279 1448 1331 1494 in
1362 1449 1504 1510 apice
1526 1449 1711 1510 insero,

185 1527 425 1573 tibiarum
448 1525 601 1588 apicis
626 1525 798 1585 instar,
825 1541 1010 1572 corona
1026 1527 1249 1573 dentium
1271 1523 1519 1589 majorum
1542 1542 1711 1574 arma-

181 1609 260 1651 tus
286 1610 377 1650 cst.
450 1603 711 1650 Secundus
744 1602 982 1650 articulus
1016 1604 1221 1666 quidem
1244 1603 1599 1664 brevissimus,
1631 1609 1708 1650 at-

179 1688 351 1728 tamen
391 1681 623 1727 dentibus
665 1680 771 1726 istis
804 1681 856 1726 in
896 1682 1038 1743 apice
1078 1681 1245 1728 infero
1281 1681 1706 1744 circumcingitur.

179 1761 394 1807 Ultimus
430 1758 665 1804 articulus
700 1758 753 1803 in
787 1758 884 1805 hoc
915 1764 1050 1807 tarso
1085 1775 1113 1805 a
1156 1759 1336 1806 ceteris
1372 1774 1473 1804 non
1517 1757 1703 1805 differt.

178 1837 345 1899 (Conf.
380 1837 478 1882 tab.
503 1852 616 1898 gen.
642 1836 803 1895 Byth
821 1838 1044 1899 oscopi
1078 1836 1154 1900 fig.
1183 1837 1257 1897 7.)

290 1924 445 1977 Species
478 1923 585 1975 hujus
623 1922 780 1973 generis
806 1921 1022 1961 Amen-icam
1065 1924 1282 1963 calidiorem
1313 1923 1503 1973 incolunt,
1542 1930 1651 1976 atque
1684 1937 1702 1961 c

342 1991 478 2031 frontis
509 1989 718 2030 differentia
746 1991 840 2027 duas
866 1990 1056 2029 sectiones
1088 1992 1263 2032 formant.

215 2061 256 2093 A.
301 2059 416 2092 Frons
442 2062 523 2091 ante
544 2058 662 2089 oculos
687 2055 900 2099 prominens,
927 2061 1047 2090 vertex
1071 2058 1255 2091 latitudine
1281 2056 1429 2097 longior.

173 2116 211 2156 1.
274 2114 317 2154 C.
336 2127 521 2154 venosa
542 2112 678 2152 Germ.
707 2111 832 2160 DIag.
859 2110 897 2151 4.
929 2111 995 2152 76.
1027 2115 1061 2153 l.
1121 2113 1277 2152 Habitat
1304 2113 1339 2150 in
1366 2112 1545 2151 Brasilia.
1575 2112 1698 2166 (Tab.

227 2189 343 2221 nostr.
363 2182 432 2233 fig.
452 2181 492 2220 9.
517 2187 628 2232 caput
651 2179 774 2219 antico
794 2178 930 2228 ristun,
961 2179 1026 2230 lig.
1054 2179 1121 2219 10.
1142 2187 1273 2219 vertex
1305 2193 1388 2218 rum
1420 2177 1614 2233 pronam.)

169 2251 211 2291 2.
269 2250 311 2289 C.
344 2250 571 2300 poecila:
613 2246 751 2288 Germ.
782 2245 905 2296 Mag.
928 2246 968 2285 4.
1001 2247 1065 2286 77.
1090 2247 1132 2289 2.

213 2317 252 2349 Β.
303 2315 417 2347 Frons
438 2317 556 2347 oculos
581 2326 649 2347 uon
675 2317 827 2356 superat,
853 2316 973 2344 vertex
991 2314 1179 2355 quadratus
1195 2313 1379 2346 latitudine
1397 2325 1506 2356 paene
1526 2314 1671 2347 brevior.

168 2375 206 2413 3.
268 2371 312 2411 C.
343 2371 644 2422 variegata:
677 2368 813 2409 Germ.
837 2366 936 2408 ibid.
962 2369 1031 2407 77.
1062 2369 1102 2408 3.
1159 2369 1191 2407 E
1224 2370 1404 2409 Brasilia.

166 2442 207 2481 4,
269 2440 312 2479 C.
339 2438 601 2490 pruinosa:
645 2435 785 2476 Germ.
816 2433 916 2475 ibid.
949 2435 1018 2475 78.
1050 2436 1089 2475 4.
1130 2436 1253 2490 (Tab.
1287 2445 1408 2476 nostr.
1430 2438 1496 2488 fig.
1527 2435 1692 2487 l—S.)

222 2508 255 2546 E
283 2506 462 2545 Brasilia.

277 2574 436 2623 Species
465 2571 678 2622 complures
715 2567 968 2607 innominatae
1001 2569 1039 2606 in
1069 2569 1194 2609 Mus.
1214 2569 1372 2620 Regio
1398 2570 1685 2609 Berolinen-

334 2639 374 2678 si
403 2646 437 2678 et
466 2639 585 2679 Mus.
620 2635 849 2676 Germari
873 2635 1032 2675 Halae
1065 2643 1227 2678 exstant.
1260 2660 1313 2668 -
