1810 3136
860 565 947 619 P.
1005 566 1072 619 S.

352 744 493 806 Cum
523 757 615 814 jam
652 755 726 801 diu
754 755 887 801 rebus
918 755 1125 803 adversis
1152 770 1302 803 essem
1326 756 1579 818 impeditus,
1616 770 1735 817 quo-

217 825 364 870 minus
411 837 582 882 genera
617 821 896 867 Insectorum
930 837 1013 881 qua
1049 838 1129 883 par
1166 829 1261 868 erat
1295 824 1527 869 celeritate
1562 838 1735 885 perge-

218 904 339 946 rem„
387 903 504 934 nunc
547 888 679 948 plane
727 894 888 949 coepto
936 888 1155 934 desistere
1204 903 1359 947 cogor.
1430 889 1543 935 Nam
1587 895 1633 933 ut
1680 888 1736 933 de

220 957 422 1000 externis
458 960 625 999 tantum
656 953 790 998 rebus
826 954 995 1010 dicam,
1027 969 1140 1013 quae
1176 955 1282 999 mihi
1318 954 1513 1001 adverse
1547 954 1735 1000 accide-

219 1027 334 1075 runt⁹
373 1035 508 1066 careo
546 1026 590 1064 et
621 1018 789 1064 artifice
824 1019 943 1064 bono
981 1020 1337 1081 chalcographo,
1385 1026 1429 1066 et
1467 1020 1628 1082 opifice
1662 1026 1735 1065 ta-

220 1086 347 1131 bulas
378 1088 471 1130 aeri
510 1086 754 1145 insculptas
793 1085 1072 1145 exprimendi
1106 1088 1275 1146 perito,
1323 1087 1424 1146 c[ui‚
1470 1101 1569 1131 cum
1606 1091 1738 1131 antea

219 1152 420 1197 Berolini
455 1165 683 1206 versarer,
719 1151 824 1195 mihi
860 1165 949 1195 non
987 1151 1183 1197 deerant.
1252 1151 1445 1197 Absenti
1474 1158 1620 1197 autem
1656 1166 1739 1212 per

222 1217 437 1277 epistolas
473 1216 688 1273 ejusmodi
723 1218 906 1274 negotia
940 1216 1177 1274 mandare,
1227 1231 1355 1276 quam
1391 1217 1571 1262 difficile
1609 1231 1737 1277 quam

221 1283 357 1328 taedii
391 1281 570 1341 plenum
607 1283 690 1337 sit,
737 1296 872 1326 nemo
907 1288 1139 1327 narraturo
1175 1282 1280 1327 mihi
1316 1283 1493 1338 credat,
1537 1285 1624 1328 nisi
1665 1284 1740 1343 qui

221 1352 320 1409 ipse
355 1346 514 1393 similia
551 1353 764 1406 expertus
802 1347 872 1392 sit.
942 1346 1227 1406 Aliquamdiu
1256 1362 1337 1408 spe
1371 1348 1578 1404 tenebar,
1613 1349 1739 1394 futu-

221 1428 319 1460 rum
366 1427 469 1457 esse
506 1419 552 1456 ut
596 1412 808 1456 artificem
847 1413 1064 1472 quendam
1094 1414 1311 1470 juvenem
1347 1415 1391 1459 in
1425 1428 1551 1459 usum
1588 1429 1742 1472 gene-

222 1495 319 1525 rum
354 1478 628 1523 edendorum
676 1492 937 1537 comparare
970 1478 1075 1522 mihi
1110 1493 1321 1538 possem,
1373 1479 1455 1525 sed
1498 1494 1606 1525 mox
1652 1479 1741 1525 ad-

225 1559 389 1592 versae
437 1557 600 1587 causae
644 1558 745 1587 eum
779 1559 803 1587 a
839 1546 952 1588 meis
996 1545 1041 1587 in
1078 1544 1224 1588 aliena
1254 1550 1401 1589 castra
1434 1544 1739 1592 traduxerunt.

225 1611 351 1657 Talia
382 1615 594 1668 expertus
628 1623 719 1655 non
753 1608 996 1666 audebam,
1039 1623 1208 1654 novum
1255 1610 1468 1655 artificem
1505 1626 1743 1670 quaerere,

228 1679 301 1737 qui
348 1688 452 1735 spes
495 1688 619 1720 meas
662 1674 854 1720 fortasse
886 1677 1045 1719 iterum
1091 1674 1291 1732 falleret7
1332 1676 1569 1736 malimque
1614 1679 1741 1738 operi

228 1746 408 1802 incepto
444 1740 575 1799 plane
609 1740 845 1796 desistere,
881 1743 1012 1799 eique
1048 1739 1181 1785 finem
1220 1741 1555 1802 qualencunque
1589 1744 1741 1803 impo-

225 1823 350 1854 nere.
421 1806 523 1850 Non
554 1805 660 1850 mihi
692 1805 800 1850 licet
832 1805 991 1851 infitias
1021 1808 1105 1862 ire,
1136 1806 1498 1865 Entomologiam
1529 1823 1554 1853 e
1590 1823 1742 1867 gene-

228 1874 348 1919 ribus
392 1878 479 1916 tam
523 1873 678 1931 paucis
723 1871 949 1917 illustratis
994 1873 1075 1917 vix
1116 1871 1282 1916 bonum
1326 1871 1517 1918 fructum
1561 1877 1740 1934 cepisse

229 1947 273 1985 et
305 1939 617 1999 praestiturum
651 1936 808 1995 fuisse,
846 1950 956 1997 opus
991 1951 1083 1982 non
1126 1937 1366 1984 inchoasse
1404 1953 1533 1997 quam
1567 1941 1742 2000 imper-

227 2006 394 2051 fectum
450 2003 732 2061 relinquere3
804 2003 887 2048 sed
953 2008 1108 2047 contra
1165 2006 1484 2050 necessitatem
1541 2020 1742 2066 pugnare

226 2085 360 2117 nemo
405 2082 538 2114 sanus
586 2067 708 2113 velit.
752 2091 818 2101 ·-
889 2067 1015 2122 Quae
1060 2082 1159 2111 cum
1202 2069 1262 2112 ita
1303 2071 1418 2126 sint,
1465 2069 1743 2116 felicioribus

228 2133 546 2183 scrutatoribus
586 2132 892 2188 Insectormn,
934 2132 1090 2192 quibus
1136 2133 1321 2178 meliora
1367 2140 1605 2195 suppetunt
1657 2135 1743 2180 ad-

221 2204 445 2260 jumenta,
480 2213 608 2257 quam
644 2213 756 2258 quae
785 2198 891 2243 mihi
927 2200 1236 2257 contigerunt,
1272 2214 1383 2260 opus
1419 2199 1744 2261 perficiendum

230 2273 275 2313 et
308 2266 511 2324 relinquo
552 2269 597 2308 et
631 2264 911 2310 commendo.
947 2290 1012 2295 —

332 2373 544 2421 Dabam
575 2372 753 2420 Halae
789 2373 878 2420 die
913 2375 1108 2421 ultimo
1143 2372 1458 2422 Julii1846.

1004 2492 1097 2547 Η.
1132 2490 1614 2546 Burmeister.
