1810 3074
545 265 637 297 Ordo
664 263 890 306 Coleoptera.
941 260 1036 294 Trib.
1062 259 1343 294 Lamellicornia.

177 377 293 417 cum,
324 364 472 416 latum,
502 365 545 405 in
574 375 694 404 mare
714 361 1051 418 planiusculum,
1079 361 1124 402 in
1144 361 1304 403 semina
1323 372 1522 403 crassum
1549 371 1715 402 conve-

180 445 296 483 xum,
329 432 382 472 ab
413 430 565 485 elytris
591 431 735 472 antioc
765 434 810 471 et
838 431 882 471 in
912 430 1050 471 latere
1079 433 1262 484 utroque
1298 430 1495 472 cinctum.

313 489 637 536 SCUTELLUM
684 503 906 539 exsertum
948 498 1185 553 trigonum,
1234 497 1463 539 latitudine
1520 495 1718 545 brevius,

181 565 378 606 cruribus
408 566 618 618 arcuatis,
652 565 747 606 basi
774 569 974 607 truncata
1000 569 1160 620 argute
1190 567 1452 622 marginata.

317 624 585 669 ABDOMEN
625 633 796 674 annulis
839 644 943 684 sex,
981 633 1116 686 primo
1159 634 1474 680 minutissimo,
1514 627 1721 684 trianguli

182 699 320 740 forma
342 699 455 740 inter
473 711 610 740 coxas
631 702 826 753 posticas
846 702 1055 753 intrante3
1087 701 1373 754 sequentibus
1393 699 1530 742 tribus
1552 707 1722 751 aequa-

185 767 313 819 libus,
345 768 491 821 quinto
513 769 554 808 in
584 770 764 821 utroque
795 780 905 809 sexu
936 767 1135 808 maximo.

327 825 529 873 comos
560 837 713 878 subtus
745 838 1092 880 rufo-setosum.

325 891 541 940 ELYTRA
580 909 736 958 ovata,
776 905 946 959 laevia,
996 910 1190 946 truncum
1231 903 1538 958 posteriorem,
1578 900 1724 942 ultimo

193 966 438 1009 abdominis
469 976 698 1026 segmento
740 978 950 1027 excepto,
986 972 1288 1023 obvolventia,
1328 972 1370 1011 in
1400 970 1591 1011 maribus
1620 970 1727 1011 niti-

194 1034 399 1087 dissima,
440 1037 483 1076 in
518 1039 690 1080 feminis
732 1039 996 1082 densissime
1032 1038 1319 1081 transversim
1359 1039 1727 1093 ruguloso-pun-

195 1107 328 1155 ctata,
360 1107 546 1146 tomento
579 1107 702 1148 brevi
733 1120 835 1149 raso
868 1109 962 1150 rufo
990 1110 1069 1160 (an
1103 1102 1332 1159 semper-2)
1363 1106 1564 1146 obsessa.

333 1162 477 1208 AlaAE
507 1174 549 1214 in
582 1176 728 1229 quiete
768 1177 847 1217 sub
890 1177 1030 1230 clyti-a
1070 1173 1381 1225 absconditae,
1419 1173 1553 1213 semel
1592 1171 1728 1226 repli-

195 1240 338 1290 catae,
367 1239 565 1294 glabrae,
591 1241 770 1295 nitidae,
798 1245 925 1284 venis
957 1242 1245 1298 complmibus
1272 1252 1515 1295 expansae,
1549 1251 1728 1294 quarum

196 1317 370 1346 cursum
401 1306 696 1363 descriptione
724 1311 878 1351 melius
910 1311 1049 1368 ligura
1080 1314 1230 1351 nostra
1260 1309 1335 1360 (7)
1367 1312 1590 1349 monstrat.

333 1364 502 1412 PEnl-:s
544 1377 735 1434 elongati
786 1378 935 1420 validi.
1005 1380 1177 1420 Marum
1226 1377 1390 1417 femora
1429 1377 1575 1417 antica
1610 1377 1728 1417 intus

198 1442 301 1480 ante
330 1452 477 1495 genua
508 1450 761 1486 mucronata
794 1447 885 1499 (2),
913 1445 1364 1498 feminarummutica3
1394 1444 1528 1485 tibiae
1547 1444 1729 1486 eaedem

199 1517 361 1547 marum
405 1510 560 1550 subtus
604 1510 795 1553 dentium
836 1515 952 1554 serIe
992 1512 1283 1567 inaequalium
1323 1515 1512 1563 armata,
1551 1525 1728 1566 quorum

200 1574 364 1626 primus
404 1587 517 1630 pone
558 1579 669 1619 tarsi
712 1581 1058 1622 articulationem
1097 1577 1334 1633 dependet3
1371 1579 1626 1620 feminarum
1666 1580 1728 1621 ti-

200 1640 300 1681 biae
331 1643 435 1693 [ll]
468 1645 610 1697 quoad
640 1646 953 1703 longitudinem
988 1649 1214 1690 breviores
1251 1650 1354 1687 sunt
1384 1647 1629 1702 subtusque
1659 1649 1733 1689 in-

200 1717 357 1748 ermes.
434 1710 609 1766 Reliqui
660 1713 799 1767 pedes
847 1717 890 1756 in
930 1720 1113 1769 utroque
1155 1726 1268 1755 sexu
1317 1714 1508 1766 similes,
1555 1714 1635 1755 sed
1688 1717 1731 1757 in

199 1785 321 1815 marc
365 1774 587 1832 longiores
634 1781 980 1837 validioresque,
1028 1783 1164 1824 tibiae
1205 1780 1290 1821 hae
1333 1785 1461 1823 extus
1514 1783 1557 1822 in
1601 1783 1726 1837 apice

201 1839 455 1883 bidentatae
486 1851 598 1888 sunt.
658 1849 695 1889 T
698 1861 980 1904 arsorumque
1010 1851 1195 1892 omnium
1215 1849 1425 1890 articulus
1455 1851 1616 1904 primus
1648 1862 1726 1891 se-

200 1913 360 1962 quente
399 1911 570 1955 brevior
604 1920 696 1968 est,
742 1917 822 1958 sed
863 1918 906 1957 in
944 1918 1069 1971 apice
1100 1922 1283 1958 externo
1317 1929 1402 1958 non
1438 1922 1727 1959 mucronatus.

200 1975 385 2032 Ungues
417 1983 632 2022 tarsorum
664 1986 846 2025 omnium
878 1985 1110 2039 aequales,
1147 1984 1307 2036 validi,
1337 1985 1583 2039 simplices,
1615 1997 1729 2040 ony-

199 2043 293 2087 chio
321 2049 567 2101 penicillato
595 2052 768 2093 suffulti.

337 2129 500 2180 Species
532 2132 644 2181 hodius
675 2134 833 2184 generis
863 2134 995 2173 Asiam
1026 2133 1218 2185 tropicam
1248 2133 1423 2173 incolunt
1452 2139 1569 2185 atque
1599 2133 1649 2173 ad
1667 2133 1729 2173 fa-

200 2192 332 2233 miliae
359 2196 513 2237 modum
552 2199 588 2237 in
619 2201 765 2239 truncis
796 2201 981 2240 silvarum
1008 2202 1279 2239 umbrosarum
1307 2200 1473 2252 putridis
1503 2208 1643 2241 statum
1673 2203 1730 2242 vi-

200 2266 264 2300 tae
284 2264 497 2311 jln‘enilem
538 2274 747 2317 peragunt.
808 2269 1032 2320 Scriptores
1062 2269 1134 2306 has
1165 2273 1332 2318 quatuor
1363 2267 1646 2308 distinxerunt:

201 2344 233 2373 1.
284 2340 356 2375 Ch.
385 2342 654 2378 Caucasus:
681 2356 791 2378 cornu
819 2347 947 2390 capitis
972 2347 1080 2380 maris
1105 2346 1430 2379 bituberculatum:
1460 2348 1647 2379 tuberculo
1671 2347 1729 2380 in-

244 2396 370 2430 feriori
395 2399 541 2444 conice,
578 2411 686 2434 cornu
717 2402 836 2436 medio
860 2402 1002 2445 pronoti
1030 2403 1194 2435 observo.
1242 2402 1358 2443 Long.
1386 2412 1483 2446 corp.
1511 2414 1590 2436 cum
1616 2414 1727 2436 cornu

241 2455 284 2496 3}
299 2456 420 2488 —41‘.

339 2511 463 2544 Geotr.
485 2512 667 2546 Caucasus
686 2514 791 2548 Fahr.
812 2516 849 2547 S.
867 2515 919 2548 El.
939 2516 966 2547 1.
988 2517 1040 2547 10.
1056 2517 1112 2548 30.
1129 2533 1173 2538 -—
1191 2514 1339 2547 Scarab.
1351 2513 1452 2546 Atlas
1466 2514 1523 2558 ΕΙ.
1537 2515 1630 2557 Syst.
1646 2516 1726 2548 Eut.
1766 2519 1769 2522 '

337 2569 370 2599 8.
390 2571 444 2600 20.
471 2586 515 2591 --
543 2570 619 2602 Eut.
639 2575 724 2612 syst.
740 2572 768 2603 Ι.
791 2574 844 2604 10.
862 2574 917 2603 26.
943 2570 1098 2603 exclusis
1119 2581 1241 2611 synon.
1271 2570 1448 2604 omnibus.

200 2624 232 2653 2.
282 2621 354 2653 Ch.
374 2622 634 2665 Hesperus:
659 2635 768 2658 cornu
797 2625 926 2669 capitis
952 2625 1061 2657 maris
1088 2627 1275 2658 tuberculo
1301 2625 1407 2658 unico
1432 2625 1624 2670 superiori,
1647 2627 1729 2660 lon-

247 2676 496 2718 gitudinaliter
515 2679 611 2712 fisso.
658 2681 773 2722 Long.
801 2693 897 2724 corp.
921 2692 950 2714 e.
977 2692 1088 2714 cornu
1113 2681 1316 2723 2}—3†‡¹‘.

291 2733 373 2765 l'ar.
403 2744 435 2767 a.
484 2734 664 2767 Cornibus
690 2736 798 2769 maris
823 2736 1019 2778 elongatis;
1048 2740 1198 2780 prouoto
1224 2737 1386 2771 obsolete
1409 2740 1591 2780 punctato.

386 2790 611 2823 Swammerd.
626 2790 718 2824 Bibl.
736 2797 853 2826 natur.
869 2792 940 2825 tab.
953 2795 1008 2828 30.
1025 2792 1080 2835 fig.
1098 2795 1130 2826 3.
