1810 3136
433 285 524 317 0rdu
551 286 579 319 1.
606 285 822 328 Rbynchotn.
870 287 964 321 Trio.
988 288 1022 322 1.
1067 287 1166 322 Fam.
1190 290 1223 323 1.
1249 284 1466 320 PedicuIina.

193 379 273 416 tur.
295 374 344 415 L.
364 374 431 429 B„
462 388 517 417 ne
541 375 744 417 l‘ediculo
777 378 931 431 capitis
962 375 1145 418 humano
1174 378 1258 419 tria
1281 376 1478 418 vindices
1501 376 1710 432 stigmata

194 444 289 483 sire
309 444 526 497 spiracula
544 444 797 497 thoracalia,
828 458 922 486 cum
952 447 995 487 in
1026 455 1077 486 eo
1107 457 1192 486 non
1218 446 1361 500 magis
1391 443 1550 496 adsint,
1583 456 1709 498 quam

194 512 237 551 in
281 510 455 565 reliquis
497 513 727 566 speciebus
777 513 984 555 omnibus.
1024 536 1080 540 -
1147 511 1432 568 Segmentum
1471 511 1709 552 abdominis

197 578 382 619 ultimum
412 592 627 633 nunquam
666 581 884 635 spiracula
920 580 1073 633 habet,
1117 585 1249 635 atque
1280 591 1303 620 e
1335 591 1470 619 sexus
1502 578 1709 619 differen-

196 648 258 688 tia
297 650 341 686 et
374 647 668 703 magnitudine
703 653 747 690 et
786 649 925 705 figura
965 649 1118 690 differt.
1175 647 1226 689 In
1255 648 1444 688 maribus
1476 648 1541 698 (l.
1574 650 1617 687 et
1645 647 1709 697 9.)

197 714 338 769 inagis
370 716 578 768 prominet
607 720 738 771 atque
764 717 1036 759 rotundatum
1065 721 1158 770 est,
1188 729 1290 771 poro
1320 726 1476 771 magno
1507 715 1549 754 in
1577 714 1715 755 latere

199 784 412 838 superiori
442 784 682 839 perforato,
721 787 763 827 in
795 800 876 841 quo
908 799 1017 829 anus
1048 791 1179 841 atque
1210 787 1344 840 penis.
1404 782 1624 825 Interdum
1656 795 1712 826 ex

202 851 281 892 hoc
325 865 428 906 poro
465 854 589 907 penis
629 858 745 894 totus
784 867 993 897 carnosus
1032 857 1109 908 (11
1143 859 1185 896 et
1212 855 1277 895 12.
1316 854 1410 908 yx),
1451 854 1572 894 uncis
1604 851 1714 894 duo-

203 919 281 960 bus
314 921 480 961 corneis
512 923 573 973 (r.
605 923 667 973 r.)
696 928 886 965 armatus
917 924 1148 978 prominet,
1180 922 1249 964 vel
1278 922 1375 962 unci
1410 921 1491 962 soli
1520 924 1633 963 inter
1663 932 1715 962 se

203 988 245 1027 in
288 999 412 1028 unum
450 990 666 1042 conjuncti
706 993 807 1043 (1.).
874 992 1145 1033 Feminarum
1183 993 1453 1047 segmentum
1492 989 1715 1031 terminale

207 1054 415 1108 profunde
456 1059 653 1099 excisum
692 1064 762 1101 est
792 1059 903 1112 (25),
944 1059 1157 1101 interdum
1188 1060 1313 1114 quasi
1342 1058 1548 1107 bilobum,
1586 1062 1718 1112 atque

205 1124 317 1163 inter
351 1123 474 1166 lobes
507 1137 632 1167 anum
665 1128 758 1178 (14.
788 1130 859 1178 α’.)
889 1129 1089 1169 continet.
1148 1128 1292 1170 Vulva
1322 1131 1465 1168 autem
1502 1127 1644 1182 magis
1676 1126 1719 1166 in

207 1193 372 1232 ventris
412 1192 525 1234 latus
563 1200 768 1248 provecta
798 1197 889 1248 (14.
919 1211 958 1252 y.
990 1198 1053 1252 ῃ.)
1085 1200 1177 1249 est,
1222 1201 1265 1237 et
1302 1197 1414 1237 inter
1449 1198 1719 1250 segmentum

208 1259 402 1300 ventrale
441 1261 628 1302 ultimum
667 1268 709 1304 et
744 1265 1018 1318 penultimum
1050 1266 1197 1305 rimam
1231 1269 1530 1305 transversam
1560 1273 1719 1302 arcua-

208 1330 318 1379 tam,
356 1330 554 1383 utrinque
588 1332 829 1373 carunculis
866 1333 1120 1373 subeor-nois
1152 1333 1356 1372 munitam
1386 1330 1544 1381 refert,
1585 1331 1645 1370 ita
1674 1333 1720 1371 ut

209 1406 361 1449 penem
399 1399 602 1452 excipere
636 1412 719 1440 non
758 1404 920 1455 possit,
961 1401 1044 1441 nisi
1081 1411 1173 1441 mas
1206 1399 1393 1441 feminae
1423 1399 1719 1452 submittatur3

211 1475 295 1517 qua
324 1463 378 1504 de
406 1476 454 1505 re
482 1466 524 1506 in
555 1465 635 1507 hoc
665 1469 751 1508 situ
782 1469 922 1509 coitus
942 1473 1183 1510 exercetur.

341 1534 511 1580 PEDES
549 1545 817 1599 leomonomi,
856 1548 1094 1596 samson-52,
1132 1547 1263 1588 antici
1306 1545 1483 1600 saepius
1514 1547 1721 1601 minores5

213 1624 362 1654 omnes
391 1624 484 1653 cum
511 1614 692 1668 pedibus
724 1618 906 1670 posticis
934 1619 1112 1674 generis
1141 1615 1321 1658 Phthirii
1350 1620 1590 1671 congruunt
1618 1616 1722 1668 (1.),

215 1678 294 1718 sed
326 1680 368 1720 in
397 1682 521 1735 apice
551 1683 683 1724 tibiae
716 1685 827 1725 inter
857 1684 1028 1727 dentem
1058 1690 1102 1726 et
1130 1684 1472 1726 articulationem
1503 1696 1597 1725 cum
1626 1689 1721 1725 tar-

215 1761 289 1799 so,
328 1752 585 1803 praesertim
624 1753 667 1793 in
705 1755 935 1807 speciebus
965 1754 1225 1807 majoribus,
1270 1751 1432 1807 pulvilli
1468 1753 1613 1792 carnei
1644 1752 1725 1792 ob-

215 1821 445 1859 servantur
481 1820 545 1871 (7.
577 1825 621 1862 et
656 1820 695 1863 8.
728 1823 800 1875 ο),
841 1835 1019 1878 quorum
1059 1833 1140 1877 ope
1174 1821 1287 1876 pilus
1332 1824 1531 1874 arreptus
1571 1819 1726 1860 melius

215 1886 436 1927 retinetur.

354 1952 541 2008 Species
580 1955 710 2010 hujus
744 1959 922 2015 generis
955 1959 1126 1999 minime
1154 1969 1414 1999 numerosae
1442 1957 1485 1997 in
1514 1956 1730 1998 Mamma-

218 2019 329 2062 libus
363 2021 548 2079 degunt,
582 2028 926 2082 sanguinemque
957 2039 1104 2068 eorum
1135 2026 1348 2067 hauriunt.
1408 2026 1562 2067 Liceat
1589 2038 1729 2067 annu-

218 2100 386 2130 merare
407 2092 666 2135 observatas
687 2106 850 2147 omnes,
873 2097 1071 2149 quoniam
1091 2096 1132 2135 in
1151 2106 1282 2148 opere
1301 2105 1394 2134 meo
1414 2095 1545 2147 priori
1566 2106 1731 2148 paucas

220 2161 381 2200 tantum
407 2163 637 2213 nominavi,
668 2176 778 2204 nunc
806 2175 925 2215 vere,
957 2162 1044 2204 Cel.
1063 2160 1284 2205 Nil-z-sclzii
1315 2163 1535 2215 excerptis
1567 2167 1609 2204 et
1636 2163 1730 2204 col-

220 2225 476 2270 lectionibus
518 2230 716 2285 adjutus,
765 2232 916 2273 melius
966 2243 1044 2271 eas
1085 2230 1355 2286 distinguere
1404 2233 1534 2283 atque
1572 2231 1615 2271 in
1653 2242 1732 2271 se-

221 2297 388 2338 ctiones
419 2301 639 2342 naturales
679 2301 882 2358 redigere
913 2313 1102 2355 possum.
1163 2299 1199 2340 Ii
1230 2310 1333 2340 vero
1365 2297 1580 2353 Pediculi,
1621 2313 1730 2354 quos

220 2366 341 2417 nori,
371 2365 452 2409 hoc
483 2368 705 2411 schemate
736 2368 1017 2411 distribuendi
1048 2371 1162 2409 sunt.

266 2444 296 2479 I.
345 2447 539 2481 Abdomine
563 2449 699 2482 annulis
725 2454 893 2493 septem
919 2448 1080 2481 distincte
1105 2445 1310 2481 terminatis.

223 2512 260 2552 l.
317 2514 359 2554 P.
383 2516 590 2567 capitis:
625 2518 775 2566 lividus,
802 2517 1013 2569 segmentis
1033 2517 1203 2555 omuibus
1229 2514 1264 2552 iu
1286 2513 1403 2554 latere
1424 2520 1580 2554 externo
1601 2513 1737 2564 nigris.

278 2582 403 2634 Long.
424 2580 691 2641 ²‘s3—11s5‘¹‘.
727 2588 788 2639 (l.
811 2592 860 2631 0⁷¹.
883 2587 927 2625 A.
949 2599 1076 2634 magn.
1109 2592 1227 2623 natur.
1247 2583 1287 2625 2.
1307 2589 1352 2634 ῼ.
1375 2585 1418 2624 Β.
1443 2598 1571 2634 magn.
1591 2581 1738 2635 natur.)

385 2650 426 2690 P,
459 2653 591 2704 rapitis
619 2656 671 2694 de
693 2653 809 2694 Geor.
836 2677 890 2681 -—
920 2654 963 2693 P.
993 2655 1179 2692 humanus
1209 2667 1289 2695 var.
1317 2667 1351 2694 a.
1383 2652 1518 2692 Lz‘nn.
1547 2649 1680 2690 fabr.

335 2720 493 2761 Habitat
524 2723 561 2760 iu
591 2724 713 2773 capite
743 2724 903 2762 humano
936 2722 1033 2761 inu-r
1065 2721 1180 2771 pilos.

224 2800 265 2840 2·
322 2798 366 2842 P.
401 2802 718 2841 vestimenti:
760 2803 903 2850 luteus,
951 2800 1148 2850 concolor,
1190 2800 1354 2840 thoracis
1393 2799 1601 2852 segmentis
1642 2800 1737 2837 sub-

282 2869 483 2921 sejunctis,
524 2879 772 2910 antennarum
803 2870 962 2911 articulo
992 2871 1154 2910 seeundo
1185 2870 1384 2922 clongat03
1418 2868 1575 2921 pedibus
1607 2865 1738 2918 graci-
