1737 3078
95 221 185 254 Ordo
207 221 255 256 11.
284 218 565 263 Gymnognatha.
615 218 709 254 Trib.
735 223 767 255 7.
793 219 1012 264 Physopoda.
1060 222 1158 256 Fam.
1183 223 1238 256 21.
1263 221 1502 258 Terebrantia.

334 410 487 454 Genus
516 410 1009 455 Hssnlorflnll‘s
1048 411 1265 468 Haczdafi.

180 550 361 597 CAPUT
377 558 658 612 horIzontale,
678 572 752 602 ore
768 564 971 613 retracto,
989 562 1068 603 sub
1090 561 1343 616 prothorace
1359 565 1549 605 abscon-

46 629 153 683 dito;
193 633 363 670 constat
404 642 428 671 e
456 629 576 671 labro
616 629 871 686 triangulari
910 631 974 681 (2.
1007 631 1101 682 ω),
1140 631 1396 673 mandibulis
1423 633 1487 685 (b.
1511 632 1548 674 b.

45 701 91 738 et
118 697 187 749 4.)
219 698 387 738 corneis
418 698 599 753 trigonis
631 698 901 751 acuminatis3
938 699 1123 739 maxillis
1156 700 1216 750 (c.
1246 712 1280 740 c.
1313 704 1357 741 et
1384 700 1452 752 5.)
1482 701 1549 741 la-

45 766 228 807 tioribus
262 766 428 806 obtusis
461 769 562 806 ante
592 766 754 820 apicem
784 764 912 807 dente
941 766 1118 806 armatis
1147 765 1391 820 palpiferis:
1427 768 1552 822 palpo

48 834 129 886 (d)
162 832 450 886 biarticulat03
491 837 535 874 et
569 833 681 875 labio
713 846 869 891 magno
900 837 1137 883 excavato,
1177 838 1325 888 partes
1363 833 1553 889 reliquas

47 903 91 943 in
131 913 283 943 carum
324 913 447 943 suum
485 902 742 955 recipiente,
787 903 829 942 in
867 903 993 956 apice
1033 903 1093 953 [c.
1124 900 1186 953 c.)
1218 906 1390 956 aperto,
1429 904 1554 957 quasi

48 969 393 1012 in’acetabulum
422 971 652 1011 suctorium
683 970 951 1025 amplificato,
982 970 1056 1010 vix
1084 980 1187 1010 vero
1217 971 1259 1010 in
1285 969 1367 1012 hoc
1390 982 1556 1027 genere

47 1039 281 1094 palpifero‚
320 1049 418 1079 nam
447 1041 494 1079 ut
523 1037 674 1092 palpos
704 1040 744 1079 in
777 1049 828 1079 eo
859 1038 1087 1079 observem
1117 1036 1217 1078 mihi
1247 1049 1332 1078 non
1362 1039 1556 1093 contigit.

50 1108 217 1149 Vei-tex
247 1117 445 1162 magnus,
475 1106 623 1147 ocellis
654 1106 790 1147 tribus
815 1106 857 1146 in
883 1106 1024 1147 antico
1051 1107 1246 1161 margine
1273 1106 1384 1146 inter
1409 1106 1556 1148 oculos

50 1175 277 1217 obsessus.
346 1172 471 1217 Oculi
519 1175 687 1232 magni,
739 1172 896 1214 areolis
942 1172 1071 1215 valde
1121 1174 1304 1215 elevatis
1348 1176 1557 1216 convexis

50 1242 402 1299 prominentibus.

185 1313 488 1358 ΑΝΤΕΝΝΑΕ
524 1320 661 1362 octies
703 1317 974 1371 articulatae3
1020 1318 1198 1360 articulo
1234 1319 1366 1374 primo
1407 1332 1559 1362 crasso

50 1392 194 1444 brevi,
232 1389 422 1432 secundo
459 1389 665 1446 globoso,
715 1387 996 1441 sequentibus
1037 1392 1220 1441 quatuor
1254 1389 1561 1443 fusiformibus,

52 1462 234 1516 septimo
276 1458 341 1511 (8.
372 1456 406 1514 f.
436 1458 502 1510 7.)
544 1454 799 1510 cylindrum,
848 1459 1002 1496 octavo
1042 1454 1295 1510 longissimo
1335 1457 1562 1510 stylisormi

53 1531 97 1572 in
126 1533 266 1571 setam
296 1528 483 1568 abeunte
494 1557 507 1578 7
539 1524 730 1566 omnibus
764 1523 997 1564 circulatim
1025 1525 1198 1564 setosis.

189 1598 534 1644 PROTHORAX
567 1609 846 1646 transversus
877 1602 1132 1644 rotundatus
1161 1602 1335 1643 liberus.

188 1681 573 1727 MESOTHORAX
622 1700 715 1730 cum
763 1686 1054 1728 metathorace
1090 1690 1322 1739 comatus,
1378 1690 1567 1728 attamen

57 1759 168 1800 satis
198 1759 308 1799 bene
338 1756 590 1808 distinctus,
619 1755 701 1797 hoc
731 1756 875 1808 latior;
903 1758 1122 1796 mesonoto
1154 1766 1309 1810 magno
1340 1758 1568 1796 transver-

58 1828 139 1868 sim
165 1826 367 1880 elliptico‚
388 1825 456 1865 cui
477 1828 597 1865 arcte
620 1823 831 1864 adhaeret
849 1826 1110 1864 metanotum
1127 1822 1339 1878 trigonum
1357 1824 1567 1864 obtusum.

194 1895 466 1940 Annomm
516 1904 559 1944 in
602 1903 759 1944 femina
802 1902 949 1944 decies
989 1900 1232 1942 annulatum
1271 1902 1453 1952 (marem
1488 1914 1570 1942 non

61 1974 200 2027 vidi),
230 1972 507 2027 subplanunl,
538 1973 580 2013 in
611 1973 733 2026 apice
763 1976 946 2023 acutum,
976 1970 1129 2010 subtus
1159 1969 1331 2010 terebra
1358 1971 1570 2011 munitum.

63 2043 196 2084 Jacet
224 2040 334 2082 haec
362 2040 536 2081 terebra
565 2041 607 2080 in
636 2041 789 2082 annulo
821 2038 1056 2081 abdominis
1089 2050 1222 2089 nono,
1264 2049 1290 2078 a
1321 2049 1402 2091 quo
1433 2050 1574 2092 paene

66 2115 158 2152 tota
194 2109 447 2161 involvitur3
497 2108 631 2149 affixa
675 2113 816 2149 autem
854 2111 922 2148 est
962 2106 1016 2147 ad
1057 2105 1256 2147 annulum
1293 2110 1490 2148 octavum
1531 2113 1573 2149 et

66 2191 244 2229 nonum,
282 2178 342 2219 ita
372 2181 419 2218 ut
454 2175 654 2218 valvulae
685 2178 914 2218 inferiores
952 2174 1045 2225 illo,
1085 2174 1330 2227 superiores
1357 2173 1438 2216 hoc
1467 2187 1575 2232 seg-

69 2250 209 2287 mento
237 2245 435 2298 utrinque
461 2242 738 2286 adhaereant.
800 2243 985 2286 Valrula
1010 2242 1206 2295 superior
1227 2241 1292 2292 (7.
1313 2244 1395 2293 m.)
1420 2255 1575 2284 cornea

70 2318 160 2365 est,
192 2324 466 2367 compressa,
497 2312 858 2362 subfalcisormis,
890 2313 931 2353 in
961 2311 1155 2365 margine
1184 2311 1391 2363 superiori
1425 2323 1577 2351 versus

70 2380 309 2423 abdominis
356 2393 507 2422 cavum
556 2384 725 2422 serrata
736 2410 750 2430 ,
800 2382 841 2421 in
882 2378 1073 2421 inferiori
1120 2377 1404 2419 canaliculata
1450 2384 1580 2433 atquc

73 2454 173 2491 ante
214 2451 451 2505 marginem
501 2450 639 2503 ipsum
687 2450 835 2490 carina
883 2448 1054 2488 elevata
1103 2447 1273 2486 munita.
1343 2444 1448 2487 Cum
1496 2447 1579 2489 hac

74 2518 222 2557 carina
270 2529 419 2573 margo
466 2519 661 2571 superior
709 2517 906 2558 ralvulae
954 2515 1169 2555 inferioris
1211 2515 1275 2565 (7.
1315 2513 1382 2564 lt.)
1420 2513 1582 2554 coliae-

75 2590 166 2637 ret,
214 2590 342 2639 atque
389 2584 445 2626 ad
493 2597 587 2627 eam
626 2587 869 2627 arctissime
909 2582 1142 2637 adaptatus
1183 2586 1274 2631 est,
1315 2582 1375 2622 ita
1413 2586 1458 2623 ut
1487 2595 1583 2623 am-

75 2653 160 2694 bae
202 2653 402 2694 valvulae
441 2656 566 2708 quasi
606 2655 647 2695 in
691 2665 816 2694 unam
861 2656 1024 2706 partem
1063 2652 1315 2704 conjunctae
1355 2651 1464 2702 sint,
1514 2655 1585 2691 at-

78 2725 221 2762 tamen
263 2725 414 2762 contra
449 2733 499 2763 se
540 2723 707 2776 possint
740 2720 823 2762 huc
851 2720 948 2760 illuc
978 2720 1150 2761 moveri.
1210 2717 1421 2759 Valvulae
1458 2717 1584 2770 liujus

83 2788 298 2830 inferioris
330 2801 478 2845 margo
509 2790 684 2832 inferior
720 2790 816 2831 sive
847 2788 986 2843 potius
1019 2790 1248 2838 externus,
1288 2787 1380 2841 qui,
1419 2787 1457 2827 si
1487 2786 1585 2827 val-
