1737 3078
133 253 223 286 Ordo
248 253 295 288 n.
321 253 598 296 Gymnognatha.
649 253 743 289 Trib.
767 255 821 290 10.
845 252 1068 299 Orthoptera.
1117 255 1214 290 Fam.
1237 259 1294 292 29.
1320 255 1536 294 Acridiodea.

368 467 558 511 Genus
597 468 634 513 Ο
653 469 689 512 Ρ
710 467 746 511 S
767 467 867 512 ΟΜ
886 468 926 511 Α
946 468 985 511 L
1009 468 1050 511 A
1081 468 1238 512 Serv.
1257 471 1307 524 -::-)

503 583 712 635 Opsomala
743 589 779 623 et
808 581 1018 633 Copioeera
1048 583 1168 625 mihi.

215 705 396 756 CAPUT
428 719 491 770 (1.
526 719 617 770 ll.)
652 720 920 772 porrectum,
962 717 1233 761 conoideum:
1272 720 1435 762 vertice
1464 719 1584 763 hori-

80 784 263 837 zontali,
292 797 385 826 cum
413 785 553 827 fronte
581 786 691 826 inter
717 789 929 825 antennas
959 785 1189 839 producto,
1215 788 1482 841 acuminato,
1512 790 1585 830 fa-

79 853 271 908 stigiato.
337 853 476 894 Frons
509 854 583 905 (2)
616 852 828 907 paululum
860 865 1078 906 convexa,
1116 856 1387 897 tricarinata:
1436 858 1585 899 carina

78 931 162 960 una
192 920 390 975 utrinque
419 925 520 963 ante
558 921 729 973 ocuIOS,
766 922 894 963 tertia
929 920 1072 963 media
1102 935 1235 977 supra
1265 924 1462 979 clypeum
1491 926 1585 967 fur-

77 991 201 1039 cata,
231 989 273 1028 in
304 988 442 1030 medio
476 989 721 1047 ocelligera.

211 1058 402 1105 {linctu
444 1073 556 1121 tres,
606 1068 688 1110 dno
728 1069 770 1109 in
810 1068 977 1125 fastigii
1020 1070 1176 1123 capitis
1216 1069 1424 1113 lateribus
1463 1073 1583 1125 (11),

73 1135 226 1177 tertius
254 1137 296 1176 in
324 1136 466 1178 media
497 1139 644 1178 carIna
672 1138 839 1178 frontis.

211 1203 375 1253 OGULI
405 1218 545 1269 ovati,
574 1216 709 1272 gibbi,
738 1215 907 1271 fastigii
942 1216 1097 1270 capitis
1128 1215 1253 1257 basin
1281 1217 1525 1275 cingentes.

206 1283 507 1332 ΑΝΤΕΝΝΑΕ
540 1295 718 1349 planae,
747 1298 917 1347 acutae,
946 1294 1350 1337 sub-ensisormes:
1388 1299 1586 1355 margine

71 1364 252 1403 externo
294 1366 446 1416 acuto,
481 1363 647 1404 interno
688 1363 869 1415 obtuso,
910 1363 1074 1403 sensim
1109 1362 1237 1416 paulo
1276 1366 1584 1420 angustiores3

71 1428 153 1471 sed
189 1431 233 1472 in
269 1430 458 1473 maribus
499 1429 722 1485 latitudine
760 1430 1078 1485 subaequales,
1118 1429 1339 1487 longiores
1368 1433 1580 1488 gracilio-

70 1508 242 1552 resque.

202 1568 444 1615 LABRUM
477 1578 552 1631 (2)
578 1575 790 1633 profunde
809 1577 1139 1634 emal-ginatum.

203 1648 569 1696 MANmBULAE
590 1658 666 1710 (6)
683 1669 884 1715 magnae,
913 1655 1101 1710 validae,
1132 1655 1377 1710 subrectae,
1406 1657 1522 1700 intus
1540 1659 1583 1702 in

70 1726 194 1781 apice
224 1726 394 1780 oblique
423 1730 648 1768 truncatae
698 1725 986 1780 dentibusque
1022 1726 1161 1767 tribus
1201 1724 1398 1766 incisivis
1433 1739 1582 1769 arma-

71 1799 163 1847 tae3
190 1794 234 1836 in
261 1794 357 1836 basi
385 1793 515 1837 dente
541 1794 689 1837 molari
708 1806 880 1851 magno,
908 1795 1108 1848 elliptico,
1137 1793 1301 1848 pluries
1327 1796 1584 1838 transverse

79 1862 258 1905 sulcato.

206 1932 466 1978 MAXILLA
504 1940 567 1993 (8.
605 1951 632 1981 a
669 1940 934 1994 mandibula,
971 1942 1017 1983 7.
1054 1952 1081 1982 a
1116 1940 1230 1983 labio
1269 1942 1392 1993 visa]
1428 1943 1582 1997 minor,

72 2012 204 2052 breve
242 2010 439 2064 sipitata:
487 2008 707 2052 mundone
739 2012 835 2063 (m)
875 2021 1056 2061 corneo,
1093 2010 1190 2052 basi
1227 2010 1270 2052 in
1308 2011 1583 2055 tuberculum

71 2077 349 2133 amplificato,
386 2079 431 2119 in
467 2078 591 2132 apice
620 2082 747 2120 acute
778 2077 1024 2120 bIdcntato:
1073 2080 1207 2133 galea
1237 2079 1315 2133 (9)
1354 2078 1585 2134 latissima,

71 2147 305 2200 fornicata,
350 2147 465 2188 intus
504 2147 547 2187 in
583 2147 708 2201 apice
749 2146 919 2202 oquue
963 2149 1161 2187 truncata
1197 2145 1296 2198 (8),
1343 2158 1483 2202 usque
1525 2146 1583 2189 ad

70 2215 232 2256 labrum
287 2213 515 2269 producta,
569 2214 742 2270 singula
789 2226 962 2270 quaque
1020 2211 1306 2256 mandibulam
1366 2215 1583 2273 singulam

72 2283 314 2339 obtegente.

260 2348 383 2404 Palpi
405 2349 655 2391 maxillares
680 2350 1061 2405 quadriarticulati,
1090 2349 1282 2391 articulis
1302 2350 1450 2404 primis
1473 2349 1585 2393 duo-

127 2418 209 2459 bus
240 2418 500 2471 minoribus,
529 2418 703 2473 reliquis
734 2420 872 2461 tribus
903 2418 1169 2475 longioribus
1204 2417 1483 2473 aequalibus,
1515 2418 1585 2461 ul-

129 2488 229 2528 timo
259 2486 511 2543 longissimo
544 2490 742 2542 excepto.

160 2602 196 2641 ³)
223 2601 359 2633 Nomen
389 2602 596 2643 OpsomnIu,
622 2611 689 2644 quo
719 2601 856 2643 planum
885 2599 988 2632 situm
1017 2598 1118 2631 facici
1142 2596 1286 2630 indicari
1309 2598 1456 2640 volebat,
1480 2609 1499 2631 c
1522 2609 1585 2632 vo-

72 2658 169 2690 cibus
183 2654 243 2697 ὧψ
262 2661 297 2689 et
322 2654 455 2700 ὁλιιαλὸς
479 2656 669 2697 derivatum
697 2656 816 2689 melius
842 2660 953 2688 tamen
977 2656 1165 2697 Ilomalops
1190 2654 1262 2686 sive
1287 2654 1490 2696 Honmlopis
1517 2664 1581 2697 ap-

73 2715 279 2757 pellaretur,
310 2713 401 2756 quod
426 2723 506 2745 vero
539 2723 681 2755 nomen,
713 2724 789 2746 cum
825 2714 896 2753 jam
923 2711 1151 2754 Ophidiorum
1176 2709 1295 2752 generi
1320 2719 1340 2741 a
1364 2709 1487 2742 ΚιιΙιὶἰο
1515 2709 1581 2742 ἰηι-

75 2770 224 2813 positum
247 2770 311 2813 sit,
343 2769 422 2802 huie
461 2767 580 2810 generi
613 2769 695 2802 dare
716 2780 784 2801 non
809 2769 897 2802 licet.
950 2769 1094 2801 Kuhlius
1118 2767 1256 2810 quidem
1283 2776 1351 2798 non
1375 2765 1462 2798 bene
1483 2764 1583 2798 finxit

74 2827 316 2869 llomalopsis,
346 2828 498 2860 attamen
524 2824 707 2867 scriptores
732 2824 990 2867 Herpetologici
1015 2835 1092 2857 eum
1118 2823 1226 2857 secuti
1251 2826 1341 2855 sunt.
