1737 3078
677 150 792 181 Genus
811 146 981 182 Coelidia.

66 246 179 293 lidis
204 252 393 294 armata
414 252 556 309 sunt,
594 249 756 297 antica
778 265 900 296 vero
920 247 1113 294 femora
1137 245 1303 308 spinas
1326 247 1447 294 duas
1471 264 1586 311 gra-

66 323 185 371 ciles
210 326 390 371 eodem
412 326 524 372 loco
547 332 727 390 gerunt
751 328 849 386 (4).

206 401 397 449 ΤιΒιΑΕ
433 419 608 451 omnes
633 403 998 466 quadrilaterae
1024 406 1175 465 atque
1201 402 1251 449 in
1273 418 1476 465 quoque
1496 417 1587 448 an-

64 479 182 542 gulo
220 479 376 541 spinis
413 488 653 531 armatae.
735 480 1060 526 Antei-iorum
1099 485 1314 541 quatuor
1350 480 1589 526 tibiarum

64 556 237 619 spinae
277 558 488 620 graciles
532 562 672 617 sunt,
706 556 991 603 setisormes
1004 590 1021 613 ,
1067 562 1120 604 et
1162 558 1504 621 magnitudine
1540 563 1589 604 et

63 650 275 680 numero
296 635 429 682 inter
450 652 503 681 se
529 633 847 690 ‹liffere11tes3
878 633 1209 680 brevissimae
1225 635 1398 696 spinae
1423 635 1473 681 in
1497 650 1589 682 an-

64 711 182 774 gulo
202 715 416 759 externo
438 712 700 774 superiore
714 746 729 771 ,
765 710 1089 773 longissimae
1111 711 1164 756 in
1189 716 1403 758 externo
1422 712 1588 759 insero

63 792 114 834 et
136 788 397 849 superiore
417 790 618 836 interno
642 790 723 851 (4)
746 789 1095 835 observantur.
1169 788 1348 834 Tibiae
1368 789 1588 851 posticae

63 865 383 927 longissimae
405 871 555 929 atque
574 866 796 924 latiores,
832 866 990 911 latere
1014 881 1195 927 supero
1214 871 1263 911 et
1280 864 1446 911 infero
1468 866 1587 926 lato,

64 947 278 988 externo
305 959 426 991 vero
460 949 511 991 et
539 945 739 991 interno
770 947 996 1006 angusto.
1070 941 1257 1004 Spinae
1289 943 1409 989 item
1434 958 1590 1007 angu-

62 1020 226 1067 lorum
241 1020 385 1068 valde
398 1019 652 1081 differunt,
679 1037 793 1068 cum
805 1021 856 1066 in
876 1020 972 1066 hoc
986 1035 1191 1082 genere,
1218 1025 1325 1066 tum
1346 1020 1400 1066 in
1423 1021 1588 1068 omni-

62 1099 156 1144 bus
201 1097 521 1145 subfamiliae
554 1098 876 1146 Jassorum
924 1097 1214 1160 adscriptis,
1259 1113 1472 1159 quarum
1504 1114 1588 1145 re-

62 1176 273 1222 lationes
313 1175 446 1221 inter
494 1191 548 1222 se
597 1176 712 1222 hae.
804 1175 991 1238 Spinae
1034 1174 1087 1220 in
1135 1176 1319 1237 angulo
1372 1179 1586 1223 externo

63 1251 295 1299 inferiori
339 1253 412 1312 (5.
439 1253 497 1313 d)
541 1253 773 1299 dentibus
823 1251 1062 1315 marginis
1104 1251 1324 1299 insident
1367 1257 1417 1298 et
1472 1258 1587 1299 ante

63 1346 240 1377 omnes
264 1330 532 1376 excellunt.
603 1330 944 1393 Magnitudine
966 1329 1201 1391 aequales
1228 1334 1277 1375 et
1297 1330 1407 1392 pari
1431 1330 1589 1376 inter-

62 1408 196 1455 vallo
239 1407 371 1453 inter
416 1423 470 1453 se
515 1407 783 1464 distantes,
836 1410 997 1453 totum
1040 1406 1279 1468 angulum
1317 1412 1587 1454 externum

62 1484 360 1531 inferiorem
391 1484 622 1546 cingunt,
659 1499 871 1530 numero
894 1499 1021 1530 vero
1044 1482 1213 1543 (14—
1228 1483 1315 1543 16)
1340 1497 1368 1529 a
1391 1489 1589 1531 cetero-

63 1580 176 1611 rum
209 1561 506 1625 angulorum
541 1561 696 1624 spinis
730 1565 1049 1623 superantur.
1130 1560 1269 1606 Inter
1300 1560 1389 1607 has
1421 1560 1588 1623 spinas

62 1648 200 1689 setae
215 1639 461 1703 quaedam
474 1638 836 1685 minutissimae
852 1642 904 1685 et
924 1637 1381 1698 numerosissimae,
1407 1654 1435 1685 e
1451 1655 1589 1686 mar-

62 1720 178 1783 gine
200 1718 310 1780 ipso
329 1721 603 1780 surgentes,
626 1716 1016 1778 conspiciuntur.
1043 1714 1213 1762 Series
1232 1714 1489 1776 spinarum
1508 1733 1589 1764 se·-

64 1796 226 1843 cunda
248 1794 300 1840 111
324 1794 506 1857 angulo
526 1798 739 1840 externo
760 1793 1020 1854 superiore
1042 1792 1202 1854 posita
1223 1796 1313 1851 est,
1350 1798 1399 1840 et
1422 1795 1484 1840 ab
1508 1795 1588 1841 in-

62 1872 250 1919 feriore
272 1872 402 1918 serie
415 1871 511 1917 1100
525 1874 718 1916 tantum
735 1868 924 1926 differt,
947 1870 1081 1930 quod
1103 1869 1276 1930 spinae
1288 1886 1389 1916 non
1410 1873 1589 1917 eadem

62 1954 179 1997 sunt
212 1947 582 2011 magnitudine,
629 1946 718 1993 sed
753 1946 886 2008 quod
914 1944 1157 2009 majores,
1192 1946 1291 1992 illis
1324 1946 1377 1992 in
1406 1948 1589 2011 angulo

63 2031 277 2074 externo
298 2023 463 2070 infero
479 2023 684 2070 omnino
701 2023 951 2086 aequales,
974 2037 1087 2068 cum
1104 2022 1384 2070 minoribus
1407 2029 1457 2070 et
1474 2040 1590 2086 gra-

64 2103 322 2151 cilioribus
346 2102 592 2148 alternant
613 2101 681 2160 (25.
714 2100 793 2161 β),
826 2101 894 2146 ita
924 2104 979 2146 ut
1009 2099 1141 2146 inter
1163 2100 1329 2163 spinas
1351 2100 1589 2165 majores,

62 2181 171 2244 pari
192 2179 459 2226 intervallo
485 2195 598 2227 cum
626 2178 779 2240 spinis
803 2178 970 2240 anguli
993 2176 1145 2224 inferi
1171 2178 1302 2225 inter
1325 2195 1378 2226 se
1403 2180 1590 2226 distan-

63 2264 155 2317 teS,
192 2258 273 2305 vel
298 2271 395 2302 una
422 2256 499 2316 (in
527 2255 775 2318 superiori
800 2255 1007 2301 dimidio
1031 2256 1238 2319 angulo)
1261 2257 1342 2303 vel
1363 2258 1490 2304 duae
1512 2259 1587 2317 (in

63 2333 294 2380 infcriori
318 2333 528 2379 dimidio
564 2333 770 2396 angulo)
791 2332 1013 2378 minores
1047 2337 1098 2379 et
1116 2333 1406 2396 graciliores
1430 2335 1589 2381 inter-

63 2411 255 2474 positae
281 2411 395 2457 sint.
466 2409 714 2456 Numerus
745 2409 896 2472 igitur
926 2409 1184 2472 spinarum
1208 2412 1377 2473 anguli
1398 2413 1588 2475 superi,

65 2493 382 2551 comparatus
406 2502 520 2533 011111
553 2503 766 2534 numero
797 2487 1049 2548 spiliarum
1086 2488 1255 2550 anguli
1277 2488 1458 2546 inseri,
1495 2490 1589 2535 du-

64 2566 185 2628 plex
218 2569 321 2622 cst,
370 2565 451 2612 vel
489 2565 654 2627 potius
687 2561 850 2627 major
882 2564 1052 2610 etiam.
1124 2563 1296 2611 Tertia
1329 2567 1588 2628 spinarum

65 2643 220 2689 series
266 2642 505 2705 angulum
546 2641 802 2688 internum
843 2642 1153 2702 superiorem
1177 2643 1249 2701 (25.
1278 2644 1324 2701 γ)
1361 2649 1586 2691 coronat.

65 2721 171 2767 Hae
206 2720 384 2783 spinae
410 2719 645 2782 aequales
681 2722 795 2765 sunt
826 2733 999 2766 omnes
1034 2723 1082 2765 et
1101 2719 1412 2783 longitudine
1439 2721 1527 2769 vix
1555 2736 1583 2768 a
