1810 3074
311 158 402 190 vrdo
428 160 454 192 1.
479 159 693 202 Rhynchota.
722 161 815 196 Trib.
840 164 873 196 4.
901 160 1082 197 Cicadina.
1112 163 1212 198 Fam.
1238 166 1270 196 5.
1299 162 1525 197 Cicadellina.

148 257 386 306 brevibus
402 295 416 320 ,
460 262 705 310 distinctis
722 299 735 322 ,
767 265 941 310 subtus
966 263 1220 326 setigeris3
1256 264 1464 326 reliquis
1484 263 1683 327 gracili-

147 335 266 395 bus,
301 337 353 382 in
391 344 549 386 setam
583 341 725 403 quasi
750 340 1118 386 inartIOulutam
1152 342 1472 387 abeuntibus.

284 416 588 467 PRoNo'rUM
622 425 968 466 transversum
1001 420 1076 479 (1.
1105 420 1195 481 10)
1226 420 1407 480 breve,
1453 419 1681 483 margine

146 493 340 554 postico
372 500 488 541 ante
519 497 787 543 scutellum
820 496 1033 543 sinuato.

286 570 611 622 SCUTELLUM
633 590 871 637 magnum
893 575 1149 638 trigonum
1184 579 1404 636 acutum,
1439 576 1572 623 linea
1596 592 1679 623 ar-

145 652 289 694 cuata
313 653 427 694 ante
455 653 652 714 apicem
675 653 939 714 impressa.

284 731 502 778 ELYTRA
544 731 756 792 alaeque
806 730 878 788 (6.
923 748 977 790 g.
1025 730 1084 790 Ιι)
1129 745 1157 776 a
1189 736 1312 793 typo
1350 730 1680 779 Jassorum

145 811 235 857 vix
266 808 533 867 disserunt3
569 814 781 870 utraque
815 808 892 853 ala
922 808 1129 854 limbata
1152 814 1244 868 est,
1279 810 1368 855 sed
1395 810 1678 856 abdominis

143 889 345 951 apicem
366 905 467 934 non
483 885 704 933 excedit.
743 884 930 932 Sutura
951 885 1231 946 elytrorum
1243 886 1295 932 in
1308 887 1450 948 apice
1463 887 1675 935 valvata.

283 967 550 1013 ABDOMEN
597 963 754 1010 breve
800 978 1024 1009 crassum
1057 963 1319 1022 conicum,
1369 980 1522 1027 supra
1556 965 1680 1011 arti-

143 1044 269 1090 culis
315 1049 463 1101 octo,
505 1041 680 1088 subtus
719 1056 811 1086 sex
840 1040 892 1085 in
928 1039 1160 1100 feminis,
1207 1046 1401 1104 septem
1440 1042 1494 1087 in
1524 1042 1680 1087 mari-

142 1122 255 1167 bus.
312 1121 504 1167 Horum
528 1134 661 1181 apex
681 1118 1014 1163 abdominalis
1036 1119 1116 1179 (7)
1141 1119 1385 1178 obtusior,
1419 1123 1680 1182 segmento

143 1199 324 1245 ultimo
370 1196 555 1244 dorsali
598 1196 665 1255 (ο.
696 1197 767 1255 ο.)
812 1195 1044 1258 elongato
1079 1196 1211 1242 ovalj
1245 1196 1467 1255 tumido,
1503 1197 1679 1242 subtus

146 1276 370 1323 valvulas
415 1277 538 1322 duas
580 1278 813 1336 angustas
844 1278 995 1335 atque
1029 1274 1471 1335 perpendiculares
1494 1275 1583 1335 (m.
1602 1275 1678 1335 m)

142 1358 367 1416 gerente,
391 1368 519 1414 quae
540 1351 770 1399 valvulae
790 1366 971 1412 penem
996 1366 1238 1397 corneum
1259 1351 1513 1414 obtegunt.
1549 1351 1679 1415 Seg-

142 1435 372 1478 mentum
388 1430 671 1476 abdominis
692 1428 926 1473 ultimum
946 1428 999 1473 in
1018 1428 1188 1474 medio
1210 1428 1455 1488 excisum,
1480 1444 1507 1474 a
1530 1443 1679 1491 prae-

145 1509 356 1555 cedente
372 1523 541 1571 ,paene
563 1507 834 1553 obtectum.
882 1504 1203 1551 Feminarum
1228 1521 1360 1569 apex
1392 1505 1677 1552 abdominis

143 1586 226 1645 (8)
249 1586 406 1648 magis
433 1586 692 1649 elongatus
715 1588 765 1630 et
787 1583 1122 1640 acuminatus,
1161 1598 1189 1629 a
1211 1589 1471 1646 segmento
1494 1583 1679 1630 dorsali

145 1664 345 1726 trigono
369 1666 418 1709 et
439 1663 569 1709 lobis
589 1662 786 1708 duobus
809 1661 878 1723 (9.
895 1661 946 1723 Q)
970 1661 1215 1722 segmenti
1243 1661 1406 1706 ultimi
1428 1661 1677 1723 (septimi)

146 1740 388 1788 ventralis
412 1739 680 1797 formatur,
720 1753 850 1801 quae
872 1742 1039 1800 partes
1068 1738 1273 1800 vaginas
1297 1739 1530 1785 tel-ebrae
1561 1754 1678 1784 acu-

143 1820 360 1866 minatas
385 1823 535 1881 atque
559 1818 814 1881 elongatas
834 1817 908 1877 (η.
937 1817 996 1876 n)
1014 1816 1291 1862 includunt.
1349 1816 1678 1880 Segmentum

144 1897 373 1944 venti-ale
388 1894 724 1958 penultimum
747 1894 997 1955 (sextum)
1017 1909 1133 1940 cum
1155 1894 1383 1957 margine
1407 1911 1497 1942 suo
1519 1895 1678 1958 posti-

147 1990 208 2019 co
243 1975 296 2020 in
330 1973 500 2020 medio
527 1973 705 2019 exciso
726 1972 998 2036 prominet.

268 2053 438 2099 PEDEs
449 2049 596 2115 hujus
608 2051 807 2114 generis
819 2049 1097 2114 longissimi
1108 2054 1258 2113 atque
1271 2051 1427 2113 typici
1437 2050 1679 2099 fubfami-

147 2131 247 2178 liae
266 2130 295 2178 J
306 2147 332 2176 a
346 2147 401 2177 ss
417 2146 618 2189 orum,
656 2144 812 2191 quare
835 2128 931 2174 hoc
953 2129 1066 2174 loco
1087 2127 1245 2174 fusius
1266 2144 1352 2174 eos
1373 2129 1676 2178 describam.

285 2208 518 2255 FEMORA
542 2212 758 2269 quatuor
770 2205 1020 2251 anteriora
1033 2207 1113 2265 (4)
1128 2204 1261 2251 tibiis
1273 2205 1423 2267 paulo
1441 2207 1678 2255 breviora

151 2292 282 2346 sunt,
319 2285 526 2350 gracilia
551 2285 724 2331 subtus
753 2283 981 2345 spinosa3
1019 2282 1191 2344 spinae
1212 2283 1409 2330 basales
1438 2283 1676 2349 majores,

152 2365 481 2423 robustiores,
520 2360 821 2425 praesertim
842 2360 894 2405 in
917 2359 1198 2406 femoribus
1220 2361 1355 2422 paris
1376 2362 1553 2423 primi,
1589 2364 1678 2410 sed

153 2442 362 2489 secundi
404 2441 693 2504 graciliores
731 2437 1005 2485 breviores.
1097 2436 1312 2484 Femora
1357 2439 1457 2486 duo
1488 2441 1678 2502 postica

155 2520 360 2565 omniuo
396 2517 637 2576 inermia,
685 2515 891 2562 dimidia
915 2515 1037 2561 tibia
1069 2515 1219 2576 paulo
1257 2516 1509 2579 longiora,
1546 2534 1678 2580 genu

154 2612 330 2643 versus
358 2596 535 2641 latiora
571 2599 719 2656 atque
742 2590 882 2655 juxta
903 2592 1303 2640 articulationem
1325 2593 1377 2638 in
1398 2593 1555 2640 latere
1583 2610 1678 2640 ex-

157 2679 301 2720 terno
325 2672 509 2719 lamina
532 2671 823 2730 rotundata,
861 2668 1347 2733 perpendiculariter
1368 2671 1680 2718 descenden-

158 2759 208 2799 et
231 2750 452 2800 suffulta.
525 2749 688 2813 Supra
711 2764 842 2814 genu
874 2748 1069 2796 femora
1089 2747 1214 2796 haec
1238 2749 1380 2815 uncis
1411 2750 1570 2798 tribus
1593 2765 1682 2799 va-
