<?xml version="1.0" encoding="UTF-8"?>
<!DOCTYPE html PUBLIC "-//W3C//DTD XHTML 1.0 Transitional//EN"
    "http://www.w3.org/TR/xhtml1/DTD/xhtml1-transitional.dtd">
<html xmlns="http://www.w3.org/1999/xhtml" xml:lang="en" lang="en">
 <head>
  <title>
</title>
<meta http-equiv="Content-Type" content="text/html;charset=utf-8" />
  <meta name='ocr-system' content='tesseract 3.04.00' />
  <meta name='ocr-capabilities' content='ocr_page ocr_carea ocr_par ocr_line ocrx_word'/>
</head>
<body>
  <div class='ocr_page' id='page_1' title='image "./generaqudamins00burm_0057.png"; bbox 0 0 1737 3078; ppageno 0'>
   <div class='ocr_carea' id='block_1_1' title="bbox 205 157 1432 205">
    <p class='ocr_par' dir='ltr' id='par_1_1' title="bbox 205 157 1432 205">
     <span class='ocr_line' id='line_1_1' title="bbox 205 157 1432 205; baseline -0.007 -9"><span class='ocrx_word' id='word_1_1' title='bbox 205 163 297 197; x_wconf 78' lang='lat' dir='ltr'><em>ordo</em></span> <span class='ocrx_word' id='word_1_2' title='bbox 321 162 346 196; x_wconf 86' lang='grc' dir='ltr'>Ι.</span> <span class='ocrx_word' id='word_1_3' title='bbox 370 161 588 205; x_wconf 78' lang='lat' dir='ltr'>Rhynchota.</span> <span class='ocrx_word' id='word_1_4' title='bbox 638 161 730 197; x_wconf 67' lang='lat' dir='ltr'>Trio.</span> <span class='ocrx_word' id='word_1_5' title='bbox 749 163 781 197; x_wconf 72' lang='lat'>4.</span> <span class='ocrx_word' id='word_1_6' title='bbox 805 160 983 196; x_wconf 83' lang='lat' dir='ltr'>Cicadina.</span> <span class='ocrx_word' id='word_1_7' title='bbox 1030 162 1130 195; x_wconf 80' lang='lat' dir='ltr'>Fam.</span> <span class='ocrx_word' id='word_1_8' title='bbox 1148 162 1183 196; x_wconf 83' lang='lat'>5.</span> <span class='ocrx_word' id='word_1_9' title='bbox 1207 157 1432 194; x_wconf 79' lang='lat' dir='ltr'>Cieadellina.</span> 
     </span>
    </p>
   </div>
   <div class='ocr_carea' id='block_1_2' title="bbox 385 364 1314 442">
    <p class='ocr_par' dir='ltr' id='par_1_2' title="bbox 385 364 1314 442">
     <span class='ocr_line' id='line_1_2' title="bbox 385 364 1314 442; baseline -0.008 0"><span class='ocrx_word' id='word_1_10' title='bbox 385 397 540 442; x_wconf 80' lang='lat' dir='ltr'>Genus</span> <span class='ocrx_word' id='word_1_11' title='bbox 596 398 635 440; x_wconf 82' lang='lat' dir='ltr'>G</span> <span class='ocrx_word' id='word_1_12' title='bbox 665 398 709 442; x_wconf 91' lang='lat' dir='ltr'>Y</span> <span class='ocrx_word' id='word_1_13' title='bbox 737 399 772 441; x_wconf 92' lang='lat' dir='ltr'>P</span> <span class='ocrx_word' id='word_1_14' title='bbox 802 397 839 441; x_wconf 85' lang='lat'>0</span> <span class='ocrx_word' id='word_1_15' title='bbox 867 399 908 440; x_wconf 92' lang='lat' dir='ltr'>N</span> <span class='ocrx_word' id='word_1_16' title='bbox 937 397 979 440; x_wconf 91' lang='lat' dir='ltr'>A</span> <span class='ocrx_word' id='word_1_17' title='bbox 1039 395 1261 439; x_wconf 68' lang='lat' dir='ltr'>Gemma-i.</span> <span class='ocrx_word' id='word_1_18' title='bbox 1304 364 1314 375; x_wconf 40' lang='lat'><strong>⁹</strong></span> 
     </span>
    </p>
   </div>
   <div class='ocr_carea' id='block_1_3' title="bbox 62 511 1569 2772">
    <p class='ocr_par' dir='ltr' id='par_1_3' title="bbox 63 511 1568 1062">
     <span class='ocr_line' id='line_1_3' title="bbox 199 511 1567 578; baseline -0.002 -18"><span class='ocrx_word' id='word_1_19' title='bbox 199 511 376 561; x_wconf 75' lang='lat' dir='ltr'>CAPUT</span> <span class='ocrx_word' id='word_1_20' title='bbox 422 523 617 578; x_wconf 85' lang='lat' dir='ltr'>planum,</span> <span class='ocrx_word' id='word_1_21' title='bbox 656 522 801 566; x_wconf 68' lang='lat' dir='ltr'>aulice</span> <span class='ocrx_word' id='word_1_22' title='bbox 836 521 1124 563; x_wconf 71' lang='lat' dir='ltr'>rotundatum</span> <span class='ocrx_word' id='word_1_23' title='bbox 1133 550 1148 571; x_wconf 82' lang='grc'>,</span> <span class='ocrx_word' id='word_1_24' title='bbox 1188 519 1387 575; x_wconf 69' lang='lat' dir='ltr'>mar-fine</span> <span class='ocrx_word' id='word_1_25' title='bbox 1425 519 1567 560; x_wconf 74' lang='lat' dir='ltr'>acum.</span> 
     </span>
     <span class='ocr_line' id='line_1_4' title="bbox 71 587 1566 648; baseline -0.005 -15"><span class='ocrx_word' id='word_1_26' title='bbox 71 590 230 633; x_wconf 80' lang='lat' dir='ltr'>Vertex</span> <span class='ocrx_word' id='word_1_27' title='bbox 259 592 430 633; x_wconf 86' lang='lat' dir='ltr'>Innatus</span> <span class='ocrx_word' id='word_1_28' title='bbox 440 623 453 644; x_wconf 82' lang='lat'><em>,</em></span> <span class='ocrx_word' id='word_1_29' title='bbox 484 591 749 648; x_wconf 81' lang='lat' dir='ltr'>longitudine</span> <span class='ocrx_word' id='word_1_30' title='bbox 779 590 904 645; x_wconf 78' lang='lat' dir='ltr'>duplo</span> <span class='ocrx_word' id='word_1_31' title='bbox 925 590 1071 642; x_wconf 78' lang='lat' dir='ltr'>latior,</span> <span class='ocrx_word' id='word_1_32' title='bbox 1101 591 1296 642; x_wconf 82' lang='lat' dir='ltr'>utrinque</span> <span class='ocrx_word' id='word_1_33' title='bbox 1318 587 1451 629; x_wconf 83' lang='lat' dir='ltr'>oeulis</span> <span class='ocrx_word' id='word_1_34' title='bbox 1473 590 1566 627; x_wconf 79' lang='lat' dir='ltr'>ter-</span> 
     </span>
     <span class='ocr_line' id='line_1_5' title="bbox 65 655 1567 713; baseline -0.004 -13"><span class='ocrx_word' id='word_1_35' title='bbox 65 661 263 701; x_wconf 86' lang='lat' dir='ltr'>minatus.</span> <span class='ocrx_word' id='word_1_36' title='bbox 322 660 493 701; x_wconf 81' lang='lat' dir='ltr'>Frons</span> <span class='ocrx_word' id='word_1_37' title='bbox 518 661 580 711; x_wconf 73' lang='lat'>(2.</span> <span class='ocrx_word' id='word_1_38' title='bbox 599 662 663 711; x_wconf 82' lang='grc' dir='ltr'>α.)</span> <span class='ocrx_word' id='word_1_39' title='bbox 686 660 837 708; x_wconf 76' lang='lat' dir='ltr'>uvalis,</span> <span class='ocrx_word' id='word_1_40' title='bbox 864 658 1006 713; x_wconf 83' lang='lat' dir='ltr'>plana,</span> <span class='ocrx_word' id='word_1_41' title='bbox 1036 659 1080 698; x_wconf 93' lang='lat' dir='ltr'>in</span> <span class='ocrx_word' id='word_1_42' title='bbox 1098 661 1277 710; x_wconf 83' lang='lat' dir='ltr'>utroque</span> <span class='ocrx_word' id='word_1_43' title='bbox 1292 656 1376 696; x_wconf 76' lang='lat' dir='ltr'>tine</span> <span class='ocrx_word' id='word_1_44' title='bbox 1385 687 1400 709; x_wconf 84' lang='grc'>,</span> <span class='ocrx_word' id='word_1_45' title='bbox 1424 655 1567 695; x_wconf 81' lang='lat' dir='ltr'>antico</span> 
     </span>
     <span class='ocr_line' id='line_1_6' title="bbox 66 723 1568 784; baseline -0.005 -14"><span class='ocrx_word' id='word_1_46' title='bbox 66 733 111 770; x_wconf 86' lang='lat' dir='ltr'>ct</span> <span class='ocrx_word' id='word_1_47' title='bbox 137 730 328 783; x_wconf 81' lang='lat' dir='ltr'>postico,</span> <span class='ocrx_word' id='word_1_48' title='bbox 365 741 459 769; x_wconf 84' lang='lat' dir='ltr'>cum</span> <span class='ocrx_word' id='word_1_49' title='bbox 492 728 741 784; x_wconf 78' lang='lat' dir='ltr'>regionibus</span> <span class='ocrx_word' id='word_1_50' title='bbox 779 726 1079 768; x_wconf 85' lang='lat' dir='ltr'>adiacentibus</span> <span class='ocrx_word' id='word_1_51' title='bbox 1119 728 1324 777; x_wconf 82' lang='lat' dir='ltr'>connata,</span> <span class='ocrx_word' id='word_1_52' title='bbox 1360 735 1389 764; x_wconf 89' lang='lat' dir='ltr'>a</span> <span class='ocrx_word' id='word_1_53' title='bbox 1416 723 1568 777; x_wconf 73' lang='lat' dir='ltr'>clypeo</span> 
     </span>
     <span class='ocr_line' id='line_1_7' title="bbox 65 790 1566 850; baseline -0.005 -11"><span class='ocrx_word' id='word_1_54' title='bbox 65 798 128 850; x_wconf 82' lang='lat'>(2.</span> <span class='ocrx_word' id='word_1_55' title='bbox 148 797 208 848; x_wconf 78' lang='lat' dir='ltr'>h.)</span> <span class='ocrx_word' id='word_1_56' title='bbox 228 809 311 838; x_wconf 91' lang='lat' dir='ltr'>non</span> <span class='ocrx_word' id='word_1_57' title='bbox 331 795 534 838; x_wconf 84' lang='lat' dir='ltr'>distinete</span> <span class='ocrx_word' id='word_1_58' title='bbox 553 798 760 838; x_wconf 84' lang='lat' dir='ltr'>seiuncta.</span> <span class='ocrx_word' id='word_1_59' title='bbox 818 796 953 836; x_wconf 85' lang='lat' dir='ltr'>Lora</span> <span class='ocrx_word' id='word_1_60' title='bbox 974 794 1035 846; x_wconf 77' lang='lat'>(2.</span> <span class='ocrx_word' id='word_1_61' title='bbox 1057 806 1090 834; x_wconf 90' lang='lat' dir='ltr'>c.</span> <span class='ocrx_word' id='word_1_62' title='bbox 1111 794 1168 844; x_wconf 78' lang='lat' dir='ltr'>c.)</span> <span class='ocrx_word' id='word_1_63' title='bbox 1189 794 1349 833; x_wconf 86' lang='lat' dir='ltr'>minuta</span> <span class='ocrx_word' id='word_1_64' title='bbox 1363 821 1376 844; x_wconf 84' lang='lat'><strong><em>,</em></strong></span> <span class='ocrx_word' id='word_1_65' title='bbox 1406 790 1566 844; x_wconf 85' lang='lat' dir='ltr'>ellipti-</span> 
     </span>
     <span class='ocr_line' id='line_1_8' title="bbox 64 857 1566 921; baseline -0.008 -13"><span class='ocrx_word' id='word_1_66' title='bbox 64 879 131 919; x_wconf 85' lang='lat' dir='ltr'>ea,</span> <span class='ocrx_word' id='word_1_67' title='bbox 161 866 304 921; x_wconf 86' lang='lat' dir='ltr'>plana,</span> <span class='ocrx_word' id='word_1_68' title='bbox 333 865 476 906; x_wconf 85' lang='lat' dir='ltr'>antice</span> <span class='ocrx_word' id='word_1_69' title='bbox 494 869 655 919; x_wconf 83' lang='lat' dir='ltr'>aperta.</span> <span class='ocrx_word' id='word_1_70' title='bbox 714 862 894 906; x_wconf 85' lang='lat' dir='ltr'>Genae</span> <span class='ocrx_word' id='word_1_71' title='bbox 913 862 975 916; x_wconf 78' lang='lat'>(2.</span> <span class='ocrx_word' id='word_1_72' title='bbox 994 862 1034 903; x_wconf 88' lang='lat' dir='ltr'>d.</span> <span class='ocrx_word' id='word_1_73' title='bbox 1054 861 1118 913; x_wconf 79' lang='lat' dir='ltr'>d.)</span> <span class='ocrx_word' id='word_1_74' title='bbox 1136 861 1390 918; x_wconf 76' lang='lat' dir='ltr'>latissimae,</span> <span class='ocrx_word' id='word_1_75' title='bbox 1409 857 1566 912; x_wconf 85' lang='lat' dir='ltr'>expla-</span> 
     </span>
     <span class='ocr_line' id='line_1_9' title="bbox 63 929 1567 991; baseline -0.006 -11"><span class='ocrx_word' id='word_1_76' title='bbox 63 942 215 991; x_wconf 79' lang='lat' dir='ltr'>natae,</span> <span class='ocrx_word' id='word_1_77' title='bbox 243 936 532 979; x_wconf 75' lang='lat' dir='ltr'><strong>ascendentes</strong></span> <span class='ocrx_word' id='word_1_78' title='bbox 557 938 668 979; x_wconf 77' lang='lat' dir='ltr'>inter</span> <span class='ocrx_word' id='word_1_79' title='bbox 694 937 877 980; x_wconf 84' lang='lat' dir='ltr'>frontem</span> <span class='ocrx_word' id='word_1_80' title='bbox 905 940 950 978; x_wconf 89' lang='lat' dir='ltr'>et</span> <span class='ocrx_word' id='word_1_81' title='bbox 974 933 1144 988; x_wconf 85' lang='lat' dir='ltr'>oeulos,</span> <span class='ocrx_word' id='word_1_82' title='bbox 1175 934 1220 975; x_wconf 90' lang='lat' dir='ltr'>in</span> <span class='ocrx_word' id='word_1_83' title='bbox 1247 932 1331 975; x_wconf 89' lang='lat' dir='ltr'>fine</span> <span class='ocrx_word' id='word_1_84' title='bbox 1353 929 1567 986; x_wconf 85' lang='lat' dir='ltr'>superiori</span> 
     </span>
     <span class='ocr_line' id='line_1_10' title="bbox 63 1007 797 1062; baseline -0.005 -12"><span class='ocrx_word' id='word_1_85' title='bbox 63 1011 306 1050; x_wconf 72' lang='lat' dir='ltr'>excavatae</span> <span class='ocrx_word' id='word_1_86' title='bbox 326 1010 455 1061; x_wconf 84' lang='lat' dir='ltr'>atque</span> <span class='ocrx_word' id='word_1_87' title='bbox 473 1007 797 1062; x_wconf 80' lang='lat' dir='ltr'>antennigerae.</span> 
     </span>
    </p>

    <p class='ocr_par' dir='ltr' id='par_1_4' title="bbox 62 1066 1568 1337">
     <span class='ocr_line' id='line_1_11' title="bbox 197 1066 1568 1127; baseline -0.002 -15"><span class='ocrx_word' id='word_1_88' title='bbox 197 1066 490 1112; x_wconf 77' lang='lat' dir='ltr'><strong>ANTENNAE</strong></span> <span class='ocrx_word' id='word_1_89' title='bbox 519 1074 607 1127; x_wconf 78' lang='lat'><strong>(3.)</strong></span> <span class='ocrx_word' id='word_1_90' title='bbox 627 1077 859 1124; x_wconf 84' lang='lat' dir='ltr'>setaeeae‚</span> <span class='ocrx_word' id='word_1_91' title='bbox 888 1070 1042 1114; x_wconf 88' lang='lat' dir='ltr'>annulo</span> <span class='ocrx_word' id='word_1_92' title='bbox 1063 1069 1247 1123; x_wconf 82' lang='lat' dir='ltr'>calloso,</span> <span class='ocrx_word' id='word_1_93' title='bbox 1272 1080 1297 1110; x_wconf 89' lang='lat' dir='ltr'>e</span> <span class='ocrx_word' id='word_1_94' title='bbox 1312 1069 1441 1126; x_wconf 79' lang='lat' dir='ltr'>genis</span> <span class='ocrx_word' id='word_1_95' title='bbox 1465 1081 1568 1110; x_wconf 85' lang='lat' dir='ltr'>sur-</span> 
     </span>
     <span class='ocr_line' id='line_1_12' title="bbox 62 1136 1567 1200; baseline -0.005 -15"><span class='ocrx_word' id='word_1_96' title='bbox 62 1147 217 1200; x_wconf 76' lang='lat' dir='ltr'>gente,</span> <span class='ocrx_word' id='word_1_97' title='bbox 248 1143 436 1196; x_wconf 82' lang='lat' dir='ltr'>cinetae3</span> <span class='ocrx_word' id='word_1_98' title='bbox 468 1142 647 1184; x_wconf 81' lang='lat' dir='ltr'>articulo</span> <span class='ocrx_word' id='word_1_99' title='bbox 675 1143 808 1198; x_wconf 87' lang='lat' dir='ltr'>primo</span> <span class='ocrx_word' id='word_1_100' title='bbox 838 1142 1043 1191; x_wconf 84' lang='lat' dir='ltr'>maximo,</span> <span class='ocrx_word' id='word_1_101' title='bbox 1069 1138 1348 1195; x_wconf 80' lang='lat' dir='ltr'>cyathoide03</span> <span class='ocrx_word' id='word_1_102' title='bbox 1376 1136 1567 1179; x_wconf 81' lang='lat' dir='ltr'>seeundo</span> 
     </span>
     <span class='ocr_line' id='line_1_13' title="bbox 64 1207 1567 1268; baseline -0.005 -13"><span class='ocrx_word' id='word_1_103' title='bbox 64 1212 321 1268; x_wconf 68' lang='lat' dir='ltr'>cylindrioe,</span> <span class='ocrx_word' id='word_1_104' title='bbox 349 1211 550 1268; x_wconf 83' lang='lat' dir='ltr'>longiori3</span> <span class='ocrx_word' id='word_1_105' title='bbox 576 1211 754 1266; x_wconf 86' lang='lat' dir='ltr'>reliquis</span> <span class='ocrx_word' id='word_1_106' title='bbox 770 1210 1089 1262; x_wconf 83' lang='lat' dir='ltr'>minutissimis,</span> <span class='ocrx_word' id='word_1_107' title='bbox 1115 1209 1277 1252; x_wconf 87' lang='lat' dir='ltr'>sensim</span> <span class='ocrx_word' id='word_1_108' title='bbox 1296 1207 1567 1265; x_wconf 81' lang='lat' dir='ltr'>angustiori-</span> 
     </span>
     <span class='ocr_line' id='line_1_14' title="bbox 63 1278 1190 1337; baseline -0.007 -11"><span class='ocrx_word' id='word_1_109' title='bbox 63 1284 144 1326; x_wconf 85' lang='lat' dir='ltr'>bus</span> <span class='ocrx_word' id='word_1_110' title='bbox 153 1313 167 1337; x_wconf 85' lang='lat'><em>,</em></span> <span class='ocrx_word' id='word_1_111' title='bbox 197 1281 343 1336; x_wconf 85' lang='lat' dir='ltr'>primis</span> <span class='ocrx_word' id='word_1_112' title='bbox 360 1281 497 1322; x_wconf 84' lang='lat' dir='ltr'>tribus</span> <span class='ocrx_word' id='word_1_113' title='bbox 515 1284 616 1336; x_wconf 81' lang='lat' dir='ltr'>post</span> <span class='ocrx_word' id='word_1_114' title='bbox 633 1279 867 1323; x_wconf 85' lang='lat' dir='ltr'>secundum</span> <span class='ocrx_word' id='word_1_115' title='bbox 887 1283 985 1321; x_wconf 86' lang='lat' dir='ltr'>seta</span> <span class='ocrx_word' id='word_1_116' title='bbox 1001 1278 1190 1320; x_wconf 79' lang='lat' dir='ltr'>armatis.</span> 
     </span>
    </p>

    <p class='ocr_par' dir='ltr' id='par_1_5' title="bbox 64 1340 1561 1473">
     <span class='ocr_line' id='line_1_15' title="bbox 196 1340 1561 1398; baseline -0.004 -9"><span class='ocrx_word' id='word_1_117' title='bbox 196 1340 387 1387; x_wconf 80' lang='lat' dir='ltr'><strong>OcELLl</strong></span> <span class='ocrx_word' id='word_1_118' title='bbox 421 1348 508 1390; x_wconf 84' lang='lat' dir='ltr'>duo</span> <span class='ocrx_word' id='word_1_119' title='bbox 537 1348 584 1391; x_wconf 76' lang='grc' dir='ltr'>ἒη</span> <span class='ocrx_word' id='word_1_120' title='bbox 612 1349 757 1391; x_wconf 74' lang='lat' dir='ltr'>medio</span> <span class='ocrx_word' id='word_1_121' title='bbox 781 1347 970 1398; x_wconf 74' lang='lat' dir='ltr'>verlice,</span> <span class='ocrx_word' id='word_1_122' title='bbox 998 1350 1044 1390; x_wconf 84' lang='lat' dir='ltr'>et</span> <span class='ocrx_word' id='word_1_123' title='bbox 1069 1358 1097 1388; x_wconf 88' lang='lat' dir='ltr'>a</span> <span class='ocrx_word' id='word_1_124' title='bbox 1116 1357 1168 1388; x_wconf 88' lang='lat' dir='ltr'>se</span> <span class='ocrx_word' id='word_1_125' title='bbox 1188 1348 1232 1387; x_wconf 84' lang='lat' dir='ltr'>et</span> <span class='ocrx_word' id='word_1_126' title='bbox 1252 1344 1306 1387; x_wconf 85' lang='lat' dir='ltr'>ab</span> <span class='ocrx_word' id='word_1_127' title='bbox 1324 1342 1460 1386; x_wconf 85' lang='lat' dir='ltr'>oeulis</span> <span class='ocrx_word' id='word_1_128' title='bbox 1479 1353 1561 1385; x_wconf 85' lang='lat' dir='ltr'>ae-</span> 
     </span>
     <span class='ocr_line' id='line_1_16' title="bbox 64 1414 578 1473; baseline -0.004 -14"><span class='ocrx_word' id='word_1_129' title='bbox 64 1417 180 1473; x_wconf 88' lang='lat' dir='ltr'>quali</span> <span class='ocrx_word' id='word_1_130' title='bbox 200 1417 340 1471; x_wconf 88' lang='lat' dir='ltr'>spatio</span> <span class='ocrx_word' id='word_1_131' title='bbox 363 1414 578 1470; x_wconf 82' lang='lat' dir='ltr'>disjuncti.</span> 
     </span>
    </p>

    <p class='ocr_par' dir='ltr' id='par_1_6' title="bbox 67 1475 1563 1606">
     <span class='ocr_line' id='line_1_17' title="bbox 196 1475 1563 1541; baseline -0.006 -14"><span class='ocrx_word' id='word_1_132' title='bbox 196 1475 389 1521; x_wconf 78' lang='lat' dir='ltr'>ROSTRI</span> <span class='ocrx_word' id='word_1_133' title='bbox 425 1485 588 1541; x_wconf 77' lang='lat' dir='ltr'>vagina</span> <span class='ocrx_word' id='word_1_134' title='bbox 611 1482 813 1541; x_wconf 81' lang='lat' dir='ltr'>gracilis,</span> <span class='ocrx_word' id='word_1_135' title='bbox 842 1482 1075 1538; x_wconf 80' lang='lat' dir='ltr'>sublonga3</span> <span class='ocrx_word' id='word_1_136' title='bbox 1113 1479 1291 1522; x_wconf 82' lang='lat' dir='ltr'>articulo</span> <span class='ocrx_word' id='word_1_137' title='bbox 1320 1479 1453 1535; x_wconf 83' lang='lat' dir='ltr'>primo</span> <span class='ocrx_word' id='word_1_138' title='bbox 1475 1488 1563 1535; x_wconf 82' lang='lat' dir='ltr'>gc·-</span> 
     </span>
     <span class='ocr_line' id='line_1_18' title="bbox 67 1550 1215 1606; baseline -0.004 -12"><span class='ocrx_word' id='word_1_139' title='bbox 67 1552 135 1594; x_wconf 88' lang='lat' dir='ltr'>nis</span> <span class='ocrx_word' id='word_1_140' title='bbox 155 1551 345 1603; x_wconf 78' lang='lat' dir='ltr'>obtecto,</span> <span class='ocrx_word' id='word_1_141' title='bbox 368 1550 566 1593; x_wconf 67' lang='lat' dir='ltr'>,seeundo</span> <span class='ocrx_word' id='word_1_142' title='bbox 587 1552 769 1603; x_wconf 80' lang='lat' dir='ltr'>minuto,</span> <span class='ocrx_word' id='word_1_143' title='bbox 796 1551 923 1593; x_wconf 85' lang='lat' dir='ltr'>tertio</span> <span class='ocrx_word' id='word_1_144' title='bbox 948 1550 1215 1606; x_wconf 80' lang='lat' dir='ltr'>longissimo.</span> 
     </span>
    </p>

    <p class='ocr_par' dir='ltr' id='par_1_7' title="bbox 64 1609 1569 2018">
     <span class='ocr_line' id='line_1_19' title="bbox 203 1609 1569 1670; baseline -0.001 -14"><span class='ocrx_word' id='word_1_145' title='bbox 203 1609 517 1670; x_wconf 42' lang='lat' dir='ltr'>Paos-orum,</span> <span class='ocrx_word' id='word_1_146' title='bbox 545 1625 871 1668; x_wconf 78' lang='lat' dir='ltr'>SGUTELLUM,</span> <span class='ocrx_word' id='word_1_147' title='bbox 905 1624 1161 1657; x_wconf 73' lang='lat' dir='ltr'><strong>ABDOMEN</strong></span> <span class='ocrx_word' id='word_1_148' title='bbox 1185 1621 1446 1668; x_wconf 81' lang='lat' dir='ltr'><strong>PEDESQUE</strong></span> <span class='ocrx_word' id='word_1_149' title='bbox 1475 1625 1569 1655; x_wconf 80' lang='lat' dir='ltr'>euni</span> 
     </span>
     <span class='ocr_line' id='line_1_20' title="bbox 67 1683 1568 1742; baseline -0.003 -14"><span class='ocrx_word' id='word_1_150' title='bbox 67 1691 169 1741; x_wconf 72' lang='lat' dir='ltr'>typo</span> <span class='ocrx_word' id='word_1_151' title='bbox 197 1687 466 1728; x_wconf 85' lang='lat' dir='ltr'>subfamiliae</span> <span class='ocrx_word' id='word_1_152' title='bbox 484 1687 515 1729; x_wconf 85' lang='lat' dir='ltr'>J</span> <span class='ocrx_word' id='word_1_153' title='bbox 527 1688 718 1729; x_wconf 86' lang='lat' dir='ltr'>assino</span> <span class='ocrx_word' id='word_1_154' title='bbox 732 1699 838 1728; x_wconf 85' lang='lat' dir='ltr'>rum</span> <span class='ocrx_word' id='word_1_155' title='bbox 871 1687 1036 1728; x_wconf 91' lang='lat' dir='ltr'>omnino</span> <span class='ocrx_word' id='word_1_156' title='bbox 1063 1687 1323 1742; x_wconf 78' lang='lat' dir='ltr'>congruunt,</span> <span class='ocrx_word' id='word_1_157' title='bbox 1349 1686 1479 1737; x_wconf 87' lang='lat' dir='ltr'>atque</span> <span class='ocrx_word' id='word_1_158' title='bbox 1505 1683 1568 1724; x_wconf 84' lang='lat' dir='ltr'>ita</span> 
     </span>
     <span class='ocr_line' id='line_1_21' title="bbox 65 1748 1567 1810; baseline -0.003 -15"><span class='ocrx_word' id='word_1_159' title='bbox 65 1766 117 1795; x_wconf 82' lang='lat' dir='ltr'>se</span> <span class='ocrx_word' id='word_1_160' title='bbox 134 1753 306 1807; x_wconf 85' lang='lat' dir='ltr'>habent,</span> <span class='ocrx_word' id='word_1_161' title='bbox 337 1767 418 1810; x_wconf 85' lang='lat' dir='ltr'>qno</span> <span class='ocrx_word' id='word_1_162' title='bbox 435 1753 558 1796; x_wconf 85' lang='lat' dir='ltr'>modo</span> <span class='ocrx_word' id='word_1_163' title='bbox 573 1754 665 1808; x_wconf 84' lang='lat' dir='ltr'>Jam</span> <span class='ocrx_word' id='word_1_164' title='bbox 682 1755 858 1809; x_wconf 82' lang='lat' dir='ltr'>saepius</span> <span class='ocrx_word' id='word_1_165' title='bbox 874 1754 917 1796; x_wconf 92' lang='lat' dir='ltr'>in</span> <span class='ocrx_word' id='word_1_166' title='bbox 934 1753 1190 1810; x_wconf 82' lang='lat' dir='ltr'>generibus:</span> <span class='ocrx_word' id='word_1_167' title='bbox 1216 1751 1246 1794; x_wconf 91' lang='lat' dir='ltr'>J</span> <span class='ocrx_word' id='word_1_168' title='bbox 1257 1763 1403 1804; x_wconf 84' lang='lat' dir='ltr'>asso,</span> <span class='ocrx_word' id='word_1_169' title='bbox 1432 1748 1567 1792; x_wconf 85' lang='lat' dir='ltr'>Coe-</span> 
     </span>
     <span class='ocr_line' id='line_1_22' title="bbox 64 1819 1565 1878; baseline -0.004 -13"><span class='ocrx_word' id='word_1_170' title='bbox 64 1823 224 1876; x_wconf 87' lang='lat' dir='ltr'>lidia,</span> <span class='ocrx_word' id='word_1_171' title='bbox 255 1822 719 1878; x_wconf 81' lang='lat' dir='ltr'>Selenocephalo,</span> <span class='ocrx_word' id='word_1_172' title='bbox 749 1823 858 1865; x_wconf 85' lang='lat' dir='ltr'>Aeo</span> <span class='ocrx_word' id='word_1_173' title='bbox 874 1821 1103 1877; x_wconf 90' lang='lat' dir='ltr'>cephalo</span> <span class='ocrx_word' id='word_1_174' title='bbox 1127 1820 1311 1875; x_wconf 87' lang='lat' dir='ltr'>aliisque</span> <span class='ocrx_word' id='word_1_175' title='bbox 1339 1819 1565 1874; x_wconf 69' lang='lat' dir='ltr'>descripsi,</span> 
     </span>
     <span class='ocr_line' id='line_1_23' title="bbox 65 1888 1564 1948; baseline -0.003 -14"><span class='ocrx_word' id='word_1_176' title='bbox 65 1891 349 1934; x_wconf 88' lang='lat' dir='ltr'>Genitalia</span> <span class='ocrx_word' id='word_1_177' title='bbox 380 1904 482 1934; x_wconf 77' lang='lat' dir='ltr'>vero</span> <span class='ocrx_word' id='word_1_178' title='bbox 509 1891 649 1947; x_wconf 85' lang='lat' dir='ltr'>paullo</span> <span class='ocrx_word' id='word_1_179' title='bbox 678 1891 929 1948; x_wconf 81' lang='lat' dir='ltr'>discrepant</span> <span class='ocrx_word' id='word_1_180' title='bbox 947 1895 1076 1947; x_wconf 84' lang='lat' dir='ltr'>atque</span> <span class='ocrx_word' id='word_1_181' title='bbox 1095 1889 1153 1932; x_wconf 82' lang='lat' dir='ltr'>ad</span> <span class='ocrx_word' id='word_1_182' title='bbox 1169 1888 1384 1945; x_wconf 84' lang='lat' dir='ltr'>Bythos</span> <span class='ocrx_word' id='word_1_183' title='bbox 1398 1901 1564 1944; x_wconf 81' lang='lat' dir='ltr'>copo-</span> 
     </span>
     <span class='ocr_line' id='line_1_24' title="bbox 64 1959 787 2018; baseline -0.006 -12"><span class='ocrx_word' id='word_1_184' title='bbox 64 1976 174 2006; x_wconf 87' lang='lat' dir='ltr'>rum</span> <span class='ocrx_word' id='word_1_185' title='bbox 200 1962 375 2003; x_wconf 84' lang='lat' dir='ltr'>sormam</span> <span class='ocrx_word' id='word_1_186' title='bbox 401 1962 545 2018; x_wconf 81' lang='lat' dir='ltr'>magis</span> <span class='ocrx_word' id='word_1_187' title='bbox 562 1959 787 2003; x_wconf 80' lang='lat' dir='ltr'>accedunt.</span> 
     </span>
    </p>

    <p class='ocr_par' dir='ltr' id='par_1_8' title="bbox 64 2025 1567 2772">
     <span class='ocr_line' id='line_1_25' title="bbox 200 2025 1564 2082; baseline -0.004 -9"><span class='ocrx_word' id='word_1_188' title='bbox 200 2029 252 2073; x_wconf 89' lang='lat' dir='ltr'>In</span> <span class='ocrx_word' id='word_1_189' title='bbox 268 2044 308 2072; x_wconf 89' lang='lat' dir='ltr'>m</span> <span class='ocrx_word' id='word_1_190' title='bbox 321 2030 434 2072; x_wconf 86' lang='lat' dir='ltr'>arib</span> <span class='ocrx_word' id='word_1_191' title='bbox 447 2043 506 2071; x_wconf 92' lang='lat' dir='ltr'>us</span> <span class='ocrx_word' id='word_1_192' title='bbox 526 2029 588 2082; x_wconf 77' lang='lat'>(5.</span> <span class='ocrx_word' id='word_1_193' title='bbox 608 2030 672 2081; x_wconf 83' lang='lat'>6.)</span> <span class='ocrx_word' id='word_1_194' title='bbox 695 2027 807 2071; x_wconf 85' lang='lat' dir='ltr'>dnae</span> <span class='ocrx_word' id='word_1_195' title='bbox 830 2032 1006 2071; x_wconf 85' lang='lat' dir='ltr'>exstant</span> <span class='ocrx_word' id='word_1_196' title='bbox 1023 2027 1225 2070; x_wconf 83' lang='lat' dir='ltr'>valvulae</span> <span class='ocrx_word' id='word_1_197' title='bbox 1243 2025 1463 2068; x_wconf 79' lang='lat' dir='ltr'>ventrales</span> <span class='ocrx_word' id='word_1_198' title='bbox 1483 2027 1564 2068; x_wconf 76' lang='lat' dir='ltr'>tri-</span> 
     </span>
     <span class='ocr_line' id='line_1_26' title="bbox 64 2093 1564 2158; baseline -0.004 -17"><span class='ocrx_word' id='word_1_199' title='bbox 64 2109 221 2158; x_wconf 75' lang='lat' dir='ltr'>gonae,</span> <span class='ocrx_word' id='word_1_200' title='bbox 244 2099 423 2154; x_wconf 83' lang='lat' dir='ltr'>planae,</span> <span class='ocrx_word' id='word_1_201' title='bbox 447 2097 589 2140; x_wconf 85' lang='lat' dir='ltr'>nudae</span> <span class='ocrx_word' id='word_1_202' title='bbox 611 2099 691 2151; x_wconf 75' lang='lat' dir='ltr'>(m.</span> <span class='ocrx_word' id='word_1_203' title='bbox 708 2099 789 2151; x_wconf 77' lang='lat' dir='ltr'>m.)</span> <span class='ocrx_word' id='word_1_204' title='bbox 802 2127 815 2152; x_wconf 85' lang='lat'><em>‚</em></span> <span class='ocrx_word' id='word_1_205' title='bbox 845 2110 952 2153; x_wconf 83' lang='lat' dir='ltr'>quas</span> <span class='ocrx_word' id='word_1_206' title='bbox 971 2096 1170 2139; x_wconf 77' lang='lat' dir='ltr'>valvulae</span> <span class='ocrx_word' id='word_1_207' title='bbox 1193 2094 1304 2137; x_wconf 89' lang='lat' dir='ltr'>duae</span> <span class='ocrx_word' id='word_1_208' title='bbox 1328 2095 1441 2137; x_wconf 89' lang='lat' dir='ltr'>aliae</span> <span class='ocrx_word' id='word_1_209' title='bbox 1460 2093 1564 2136; x_wconf 79' lang='lat' dir='ltr'>dor—</span> 
     </span>
     <span class='ocr_line' id='line_1_27' title="bbox 64 2162 1567 2223; baseline -0.005 -12"><span class='ocrx_word' id='word_1_210' title='bbox 64 2169 207 2222; x_wconf 77' lang='lat' dir='ltr'>sales,</span> <span class='ocrx_word' id='word_1_211' title='bbox 235 2172 421 2221; x_wconf 75' lang='lat' dir='ltr'>teretes,</span> <span class='ocrx_word' id='word_1_212' title='bbox 442 2166 581 2209; x_wconf 82' lang='lat' dir='ltr'>hirtae</span> <span class='ocrx_word' id='word_1_213' title='bbox 600 2168 662 2220; x_wconf 75' lang='grc' dir='ltr'>(ο.</span> <span class='ocrx_word' id='word_1_214' title='bbox 685 2167 765 2220; x_wconf 75' lang='lat' dir='ltr'>a),</span> <span class='ocrx_word' id='word_1_215' title='bbox 794 2167 837 2209; x_wconf 88' lang='lat' dir='ltr'>in</span> <span class='ocrx_word' id='word_1_216' title='bbox 854 2168 977 2223; x_wconf 82' lang='lat' dir='ltr'>apIce</span> <span class='ocrx_word' id='word_1_217' title='bbox 996 2165 1173 2207; x_wconf 77' lang='lat' dir='ltr'>articulo</span> <span class='ocrx_word' id='word_1_218' title='bbox 1194 2164 1335 2206; x_wconf 87' lang='lat' dir='ltr'>mobili</span> <span class='ocrx_word' id='word_1_219' title='bbox 1360 2164 1411 2216; x_wconf 40' lang='grc' dir='ltr'>(ἤϊ’</span> <span class='ocrx_word' id='word_1_220' title='bbox 1425 2162 1476 2216; x_wconf 61' lang='lat'>*3</span> <span class='ocrx_word' id='word_1_221' title='bbox 1494 2164 1567 2204; x_wconf 89' lang='lat' dir='ltr'>in-</span> 
     </span>
     <span class='ocr_line' id='line_1_28' title="bbox 65 2232 1564 2293; baseline -0.005 -12"><span class='ocrx_word' id='word_1_222' title='bbox 65 2242 283 2287; x_wconf 83' lang='lat' dir='ltr'>structae,</span> <span class='ocrx_word' id='word_1_223' title='bbox 323 2235 538 2279; x_wconf 82' lang='lat' dir='ltr'>excedunt</span> <span class='ocrx_word' id='word_1_224' title='bbox 578 2234 856 2293; x_wconf 80' lang='lat' dir='ltr'>longitudine.</span> <span class='ocrx_word' id='word_1_225' title='bbox 922 2236 1021 2278; x_wconf 86' lang='lat' dir='ltr'>Hae</span> <span class='ocrx_word' id='word_1_226' title='bbox 1047 2234 1246 2277; x_wconf 76' lang='lat' dir='ltr'>valvulae</span> <span class='ocrx_word' id='word_1_227' title='bbox 1275 2232 1473 2275; x_wconf 76' lang='lat' dir='ltr'>(lm-sales</span> <span class='ocrx_word' id='word_1_228' title='bbox 1505 2233 1564 2274; x_wconf 88' lang='lat' dir='ltr'>nil</span> 
     </span>
     <span class='ocr_line' id='line_1_29' title="bbox 64 2301 1564 2362; baseline -0.005 -13"><span class='ocrx_word' id='word_1_229' title='bbox 64 2311 190 2360; x_wconf 85' lang='lat' dir='ltr'>sunt,</span> <span class='ocrx_word' id='word_1_230' title='bbox 227 2307 311 2349; x_wconf 86' lang='lat' dir='ltr'>nisi</span> <span class='ocrx_word' id='word_1_231' title='bbox 345 2306 430 2348; x_wconf 85' lang='lat' dir='ltr'>lobi</span> <span class='ocrx_word' id='word_1_232' title='bbox 472 2305 678 2347; x_wconf 82' lang='lat' dir='ltr'>laterales</span> <span class='ocrx_word' id='word_1_233' title='bbox 713 2304 907 2361; x_wconf 79' lang='lat' dir='ltr'>producti</span> <span class='ocrx_word' id='word_1_234' title='bbox 944 2305 1158 2362; x_wconf 79' lang='lat' dir='ltr'>segmenti</span> <span class='ocrx_word' id='word_1_235' title='bbox 1191 2303 1325 2345; x_wconf 86' lang='lat' dir='ltr'>ultimi</span> <span class='ocrx_word' id='word_1_236' title='bbox 1364 2301 1564 2343; x_wconf 78' lang='lat' dir='ltr'>dorsalis.</span> 
     </span>
     <span class='ocr_line' id='line_1_30' title="bbox 65 2371 1566 2433; baseline -0.003 -17"><span class='ocrx_word' id='word_1_237' title='bbox 65 2376 215 2433; x_wconf 68' lang='lat' dir='ltr'>cingit</span> <span class='ocrx_word' id='word_1_238' title='bbox 245 2387 339 2417; x_wconf 88' lang='lat' dir='ltr'>enm</span> <span class='ocrx_word' id='word_1_239' title='bbox 373 2374 567 2416; x_wconf 80' lang='lat' dir='ltr'>cruribus</span> <span class='ocrx_word' id='word_1_240' title='bbox 601 2375 694 2416; x_wconf 90' lang='lat' dir='ltr'>suis</span> <span class='ocrx_word' id='word_1_241' title='bbox 723 2373 805 2416; x_wconf 86' lang='lat' dir='ltr'>hoe</span> <span class='ocrx_word' id='word_1_242' title='bbox 842 2377 1110 2430; x_wconf 81' lang='lat' dir='ltr'>segmentum</span> <span class='ocrx_word' id='word_1_243' title='bbox 1139 2385 1222 2414; x_wconf 90' lang='lat' dir='ltr'>non</span> <span class='ocrx_word' id='word_1_244' title='bbox 1249 2371 1383 2413; x_wconf 82' lang='lat' dir='ltr'>solum</span> <span class='ocrx_word' id='word_1_245' title='bbox 1412 2384 1566 2426; x_wconf 78' lang='lat' dir='ltr'>penem</span> 
     </span>
     <span class='ocr_line' id='line_1_31' title="bbox 67 2438 1564 2499; baseline -0.004 -15"><span class='ocrx_word' id='word_1_246' title='bbox 67 2445 185 2499; x_wconf 70' lang='grc' dir='ltr'>(μ),</span> <span class='ocrx_word' id='word_1_247' title='bbox 225 2455 251 2484; x_wconf 89' lang='lat' dir='ltr'>e</span> <span class='ocrx_word' id='word_1_248' title='bbox 284 2442 380 2484; x_wconf 86' lang='lat' dir='ltr'>basi</span> <span class='ocrx_word' id='word_1_249' title='bbox 418 2442 681 2484; x_wconf 72' lang='lat' dir='ltr'>valvularum</span> <span class='ocrx_word' id='word_1_250' title='bbox 716 2443 969 2484; x_wconf 69' lang='lat' dir='ltr'>ventralium</span> <span class='ocrx_word' id='word_1_251' title='bbox 1005 2445 1278 2497; x_wconf 76' lang='lat' dir='ltr'>surgentem,</span> <span class='ocrx_word' id='word_1_252' title='bbox 1317 2438 1394 2480; x_wconf 80' lang='lat' dir='ltr'>sed</span> <span class='ocrx_word' id='word_1_253' title='bbox 1435 2440 1564 2479; x_wconf 82' lang='lat' dir='ltr'>etiam</span> 
     </span>
     <span class='ocr_line' id='line_1_32' title="bbox 66 2507 1565 2566; baseline -0.005 -13"><span class='ocrx_word' id='word_1_254' title='bbox 66 2524 194 2554; x_wconf 82' lang='lat' dir='ltr'>annm</span> <span class='ocrx_word' id='word_1_255' title='bbox 220 2512 407 2552; x_wconf 82' lang='lat' dir='ltr'>continet</span> <span class='ocrx_word' id='word_1_256' title='bbox 434 2521 566 2564; x_wconf 79' lang='lat' dir='ltr'>supra</span> <span class='ocrx_word' id='word_1_257' title='bbox 594 2522 756 2566; x_wconf 73' lang='lat' dir='ltr'>penem.</span> <span class='ocrx_word' id='word_1_258' title='bbox 818 2511 930 2552; x_wconf 84' lang='lat' dir='ltr'>Nam</span> <span class='ocrx_word' id='word_1_259' title='bbox 959 2520 1015 2550; x_wconf 81' lang='lat' dir='ltr'>ex</span> <span class='ocrx_word' id='word_1_260' title='bbox 1042 2507 1159 2549; x_wconf 85' lang='lat' dir='ltr'>hiatu</span> <span class='ocrx_word' id='word_1_261' title='bbox 1179 2510 1289 2549; x_wconf 81' lang='lat' dir='ltr'>inter</span> <span class='ocrx_word' id='word_1_262' title='bbox 1315 2519 1439 2548; x_wconf 82' lang='lat' dir='ltr'>crura</span> <span class='ocrx_word' id='word_1_263' title='bbox 1455 2519 1565 2561; x_wconf 67' lang='lat' dir='ltr'>scg—</span> 
     </span>
     <span class='ocr_line' id='line_1_33' title="bbox 67 2575 1564 2628; baseline -0.006 -6"><span class='ocrx_word' id='word_1_264' title='bbox 67 2580 197 2623; x_wconf 66' lang='lat' dir='ltr'>monti</span> <span class='ocrx_word' id='word_1_265' title='bbox 219 2577 404 2620; x_wconf 82' lang='lat' dir='ltr'>dorsalis</span> <span class='ocrx_word' id='word_1_266' title='bbox 429 2578 560 2620; x_wconf 85' lang='lat' dir='ltr'>ultimi</span> <span class='ocrx_word' id='word_1_267' title='bbox 587 2578 751 2620; x_wconf 77' lang='lat' dir='ltr'>articuli</span> <span class='ocrx_word' id='word_1_268' title='bbox 774 2583 864 2620; x_wconf 77' lang='lat' dir='ltr'>tres</span> <span class='ocrx_word' id='word_1_269' title='bbox 893 2576 1193 2619; x_wconf 75' lang='lat' dir='ltr'>animlisormes</span> <span class='ocrx_word' id='word_1_270' title='bbox 1206 2607 1218 2628; x_wconf 83' lang='lat'><em>,</em></span> <span class='ocrx_word' id='word_1_271' title='bbox 1247 2577 1410 2616; x_wconf 80' lang='lat' dir='ltr'>sensim</span> <span class='ocrx_word' id='word_1_272' title='bbox 1425 2575 1564 2615; x_wconf 81' lang='lat' dir='ltr'>mino-</span> 
     </span>
     <span class='ocr_line' id='line_1_34' title="bbox 69 2642 1565 2702; baseline -0.003 -12"><span class='ocrx_word' id='word_1_273' title='bbox 69 2661 142 2690; x_wconf 76' lang='lat' dir='ltr'>res</span> <span class='ocrx_word' id='word_1_274' title='bbox 163 2650 346 2702; x_wconf 80' lang='lat' dir='ltr'>surgunt</span> <span class='ocrx_word' id='word_1_275' title='bbox 366 2645 463 2700; x_wconf 79' lang='grc'><strong><em>(1.),</em></strong></span> <span class='ocrx_word' id='word_1_276' title='bbox 491 2648 620 2700; x_wconf 80' lang='lat' dir='ltr'>atque</span> <span class='ocrx_word' id='word_1_277' title='bbox 638 2646 771 2690; x_wconf 77' lang='lat' dir='ltr'>libere</span> <span class='ocrx_word' id='word_1_278' title='bbox 793 2644 1082 2690; x_wconf 79' lang='lat' dir='ltr'>ascendentes</span> <span class='ocrx_word' id='word_1_279' title='bbox 1103 2645 1259 2700; x_wconf 82' lang='lat' dir='ltr'>inipso</span> <span class='ocrx_word' id='word_1_280' title='bbox 1277 2656 1355 2686; x_wconf 84' lang='lat' dir='ltr'>suo</span> <span class='ocrx_word' id='word_1_281' title='bbox 1374 2642 1565 2686; x_wconf 82' lang='lat' dir='ltr'>cacumi-</span> 
     </span>
     <span class='ocr_line' id='line_1_35' title="bbox 72 2713 665 2772; baseline -0.008 -11"><span class='ocrx_word' id='word_1_282' title='bbox 72 2726 127 2761; x_wconf 73' lang='lat' dir='ltr'>ne</span> <span class='ocrx_word' id='word_1_283' title='bbox 152 2718 394 2771; x_wconf 69' lang='lat' dir='ltr'>apenufflm</span> <span class='ocrx_word' id='word_1_284' title='bbox 410 2713 481 2759; x_wconf 82' lang='lat' dir='ltr'>aui</span> <span class='ocrx_word' id='word_1_285' title='bbox 496 2717 665 2772; x_wconf 78' lang='lat' dir='ltr'>gerunt.</span> 
     </span>
    </p>
   </div>
  </div>
 </body>
</html>
