1810 3074
566 299 658 332 Ordo
684 295 906 341 Coleoptera.
964 295 1059 330 Trtb.
1086 296 1368 334 Lamellicornia‚

321 398 361 440 b.
399 396 725 439 Maxillarum
765 396 914 448 galea
961 397 1007 436 in
1046 397 1190 450 apice
1235 397 1526 449 bidentata,
1569 400 1609 440 iu
1649 400 1739 441 basi

388 464 567 505 dentibus
607 462 839 516 quibusdam
880 464 1061 514 (2—4)
1103 465 1256 504 minutis
1296 465 1525 506 coadunatis
1567 474 1739 512 armata3

388 544 552 583 squama
588 532 789 583 palpifera
830 537 939 572 extus
985 531 1164 572 dilatata.
1243 533 1563 574 Mandibularum
1606 535 1741 575 dentes

382 599 666 651 subaequales‚
708 605 889 638 externus
921 599 1042 651 paulo
1074 600 1247 639 brevior.
1316 602 1491 640 Mentum
1522 603 1741 651 oboratum,

377 667 621 718 marginibus
672 667 903 706 lateralibus
957 667 1135 707 sinuatis.
1201 667 1371 706 Femora
1410 670 1540 708 omnia
1578 671 1741 718 mutica;

381 735 541 786 pronoti
580 746 701 773 cornu
732 736 865 775 subtus
906 735 1133 783 barbanum
1166 735 1391 786 operculum
1419 736 1534 775 anale
1565 737 1604 776 in
1634 744 1743 776 utro-

383 814 458 854 que
487 814 582 843 sexu
614 808 795 842 setosum.
867 803 1009 842 Tibiae
1049 803 1228 854 posticae
1268 809 1375 842 extus
1406 804 1446 841 in
1477 804 1589 856 apice
1617 805 1743 844 denti-

379 870 561 917 culatae;
611 876 806 909 tarsorum
855 870 1096 921 posticorum
1134 869 1322 908 articulus
1361 870 1508 921 primus
1554 877 1743 923 sequente

384 937 451 978 Vix
479 937 653 988 longior.
714 936 847 977 Cornu
871 937 1028 989 pronoti
1059 937 1177 975 maris
1209 938 1341 977 subtus
1372 938 1526 978 hirtum.

599 1007 644 1054 6)
666 1005 812 1045 Dum
828 1018 845 1044 s
862 1018 884 1046 T
902 1018 925 1044 E
942 1018 959 1044 s
979 1002 1108 1046 Blae
1127 1002 1520 1055 Leccy‘2211'ii‘bii.
1551 1007 1743 1047 Amet-ica.

353 1158 555 1212 Expositis
606 1162 666 1200 bis
708 1163 1002 1202 characteribus
1044 1162 1318 1201 essentialibus
1354 1165 1435 1212 jam
1474 1162 1522 1202 ad
1559 1174 1745 1213 generum

215 1225 550 1267 adumbrationem
584 1235 764 1278 transeo,
805 1242 966 1280 eamque
994 1230 1169 1268 omnibus
1200 1242 1324 1282 paene
1355 1230 1559 1282 speciebus
1587 1230 1744 1281 saepius

217 1292 381 1344 depictis
406 1308 490 1334 cum
517 1296 604 1335 sola
636 1299 716 1336 oris
741 1299 910 1350 partium
940 1297 1205 1337 delineatione
1235 1299 1298 1337 hic
1318 1298 1444 1346 add03
1475 1298 1589 1337 simul
1618 1304 1745 1336 autem

214 1361 500 1402 Chalcosomae
528 1364 720 1404 femineae
751 1366 957 1416 imaginem
986 1366 1033 1404 L.
1064 1365 1109 1404 Β.
1140 1364 1287 1413 offero,
1318 1366 1499 1417 quoniam
1527 1366 1633 1405 bona
1662 1368 1745 1414 ejus

213 1427 344 1478 figura
382 1430 421 1469 in
455 1431 562 1470 nullo
603 1433 706 1472 libro
748 1434 841 1472 mibi
878 1441 969 1473 noto
1001 1439 1139 1473 exstat.
1201 1434 1423 1473 Golofae
1459 1432 1659 1483 cujusdem
1688 1432 1747 1471 se-

215 1497 369 1537 mineae
400 1504 439 1538 et
472 1499 732 1550 Dynastae
763 1501 990 1553 Neptuni
1027 1501 1145 1540 maris
1188 1502 1359 1553 effigiem
1393 1514 1525 1542 veram
1546 1500 1582 1551 *>
1608 1501 1647 1539 in
1688 1506 1747 1539 ta-

215 1564 320 1602 bulis
357 1564 507 1604 duabus
544 1570 796 1619 sequentibus
836 1581 920 1608 cum
957 1575 1040 1609 tota
1078 1580 1264 1619 generum
1294 1569 1592 1609 adumbratiOne
1623 1567 1748 1617 edam,

216 1631 401 1672 feminam
431 1644 527 1676 vero
554 1635 805 1686 Augosomae
837 1635 1052 1688 depingere
1080 1647 1157 1675 non
1188 1647 1284 1687 opus
1316 1643 1387 1677 est.

611 1901 803 1946 Genus
839 1901 1355 1948 CHALCOSOMA.

493 1992 527 2023 ΙΙ
538 2003 556 2022 0
567 2003 588 2034 p
599 2001 628 2035 e,
654 1992 807 2037 Coleopt.
825 1996 979 2028 mamml.
1000 1995 1040 2027 Τ.
1053 1995 1080 2028 1.
1095 2003 1175 2037 pay.
1189 1996 1245 2028 86.
1260 1994 1309 2036 pl.
1323 1995 1351 2027 1.
1368 1992 1424 2036 fig]-
1439 1993 1473 2026 4.

354 2069 534 2118 CAPUT
569 2084 751 2135 (1—2)
779 2097 1007 2142 inagnum,
1046 2086 1089 2126 in
1119 2094 1239 2124 mare
1269 2086 1513 2136 cornutum,
1540 2096 1668 2126 cornu
1702 2086 1747 2127 in

215 2146 343 2200 apice
382 2148 567 2202 simplex
606 2161 862 2202 recurvum,
900 2154 1015 2193 intus
1055 2151 1127 2191 vel
1159 2149 1465 2192 denticulatunl
1495 2153 1566 2193 vel
1594 2153 1747 2194 tuber-

216 2214 456 2267 culiferum,
490 2217 709 2260 tuberculo
728 2221 941 2275 superlori
963 2216 1332 2273 longitudinalitor
1361 2218 1479 2261 fisso.
1540 2221 1747 2262 Feminae

215 2286 373 2323 vertex
425 2284 760 2341 subconvexus,
820 2289 865 2330 in
915 2285 1054 2329 medio
1103 2286 1472 2340 bitubereulatus,
1534 2288 1748 2343 profunde

214 2354 462 2404 punctatus.

354 2408 585 2457 CLYPEUS
624 2426 843 2476 angustus
873 2419 1029 2463 bifidus
1040 2450 1052 2471 ‚
1082 2418 1192 2460 lobis
1226 2421 1539 2474 approximatis
1567 2423 1745 2464 reflexis

215 2485 399 2526 obtusis.
466 2485 612 2542 Regio
658 2490 838 2531 γει-[ἱεὶς
890 2501 1021 2543 super
1070 2491 1354 2530 antennarum
1403 2490 1748 2533 articulationem

217 2552 418 2602 clevata,
457 2554 500 2594 in
536 2565 656 2594 mare
687 2557 1034 2609 subant-iculum,
1072 2554 1262 2597 auriculo
1291 2558 1333 2598 in
1364 2557 1565 2601 canthum
1597 2558 1749 2601 oculo-

214 2632 307 2660 rum
346 2621 524 2662 brevem
560 2622 762 2666 abeunte.

308 2730 345 2774 *)
371 2734 411 2764 ln
438 2732 538 2767 icone
565 2745 585 2767 a
602 2735 817 2771 Schiinherro
846 2737 994 2782 (Synon.
1010 2743 1139 2776 Insect.
1158 2743 1187 2776 1.
1207 2745 1239 2776 1.
1259 2741 1328 2774 tab.
1345 2739 1396 2783 1.)
1422 2737 1502 2772 dato
1541 2738 1636 2771 solus
1666 2748 1748 2781 pro-

219 2787 341 2820 ssffirax
364 2788 456 2829 Dyn-
481 2790 636 2834 Neptuni
662 2803 742 2836 pars
775 2799 847 2840 est,
883 2802 1023 2834 ceterae
1058 2810 1179 2834 omnes
1208 2810 1229 2832 a
1252 2799 1344 2840 Dyn.
1370 2796 1522 2832 Hercule
1551 2793 1748 2838 Prothoi-aci

221 2845 280 2877 illo
306 2844 434 2878 affixae
459 2850 551 2881 sunt.
