1810 3074
633 236 733 270 Fam.
747 231 958 275 Fulgorina.
1010 235 1094 268 Gen.
1110 234 1282 277 Fulgora.

195 322 441 366 nitaliorum
479 326 685 377 apertura
724 324 768 364 in
808 323 909 365 basi
948 322 1094 364 annuli
1131 325 1232 365 noni
1260 323 1474 375 cernitur,
1515 323 1720 366 feminina

195 380 385 421 valvulis
418 378 586 420 duabus
619 382 786 433 parvis,
816 379 1163 434 dependentibus
1195 379 1292 435 (siq.
1322 383 1384 421 11.
1419 383 1485 421 12.
1516 381 1721 434 Pyropis,

195 435 270 492 ᾖς).
301 440 340 477 4.
374 436 590 489 Fulgorae
621 450 656 492 q.
689 439 754 491 q.)
785 437 1074 489 circumdata;
1105 438 1347 478 masculina
1377 436 1516 478 hamis
1550 438 1719 479 duobus

198 493 433 544 maJoribus
460 493 636 546 forcipis
669 492 793 534 modo
821 496 981 535 munita
1010 492 1106 548 (siy.
1137 496 1176 534 8.
1207 496 1247 534 9.
1277 493 1480 547 Pyropis,
1507 493 1580 548 fiy.
1611 497 1651 535 5.
1677 497 1718 536 6.

195 550 432 603 Fulgorae,
453 550 617 599 ΝΛΜ).
662 550 719 591 Ηί
747 549 859 591 hami
882 563 1033 604 penem
1054 554 1217 591 rectum
1240 549 1490 590 conoideum
1510 549 1718 604 (ibium.)

196 601 434 656 includunt,
463 606 730 661 alterumque
750 606 964 648 hamulum
987 608 1190 648 minutum
1222 608 1391 660 utrique
1413 611 1571 662 gerunt
1589 606 1717 658 [ibid.

198 673 236 703 ο.
268 663 361 713 a),
406 663 479 715 qui
518 662 645 704 lateri
682 675 826 704 eorum
866 670 1047 705 externo
1087 663 1274 704 adnatus
1318 662 1519 703 deorsum
1558 665 1718 719 vergit.

197 719 353 760 Anus
392 719 436 759 in
467 720 613 759 annuli
644 722 743 760 noni
774 734 937 761 summo
968 722 1092 775 apice
1122 719 1335 761 abdomen
1365 720 1557 773 perforat
1587 719 1719 774 idque

197 786 410 828 processu
442 777 699 817 tnbaeformi
730 779 785 828 (t,
809 779 866 828 t.)
899 777 1169 818 biarticulato
1198 777 1328 830 longe
1358 775 1546 817 excedit.
1606 777 1719 818 Pro-

198 843 356 872 cessus
383 830 451 872 hic
482 845 537 874 ex
567 835 692 886 apice
721 847 799 875 suo
830 834 1112 888 appendicem
1134 833 1398 887 pulvinatam
1429 834 1716 885 cai·110sam·²²²‘)

199 889 381 935 emittit,
412 889 454 928 in
487 892 650 946 pagina
681 902 764 931 sna
794 893 1019 945 superiore
1051 891 1336 945 perforatam,
1371 902 1482 943 quae
1513 895 1718 944 apertura

197 943 326 985 labiis
365 944 532 986 dnobus
573 947 725 987 clausa
758 949 809 998 (÷::-
839 950 917 999 a]
956 949 1096 1002 ipsum
1134 960 1259 988 anum
1301 949 1505 988 continet.
1578 947 1716 988 Totus

196 1013 435 1054 processus
476 1005 607 1043 maris
647 1004 875 1056 angustior
912 1005 1119 1060 gracilior
1149 1004 1253 1055 (1.1.
1284 1002 1357 1059 siy.
1386 1007 1426 1044 7.
1460 1006 1499 1044 8.
1531 1006 1570 1044 9.
1603 1008 1647 1044 et
1677 1007 1718 1046 5.

195 1060 236 1098 6.
269 1058 534 1112 Fulgorae),
563 1056 751 1101 feminae
781 1060 933 1109 latior,
963 1061 1195 1111 dilatatus,
1225 1058 1465 1113 depressus
1492 1059 1617 1112 (ibid.
1640 1059 1717 1116 fiy.

196 1116 237 1153 4.
267 1117 306 1155 5.
343 1118 406 1155 10.
440 1118 504 1156 11.
539 1119 604 1157 12.
637 1117 847 1170 Pyropis,
886 1117 959 1171 fiy.
989 1121 1028 1158 4.
1060 1117 1331 1172 Fulgorae.].

330 1172 483 1218 PEDES
514 1195 589 1235 pro
621 1183 732 1223 mole
757 1185 949 1236 corporis
977 1183 1187 1239 graciles,
1213 1183 1445 1224 femoribus
1476 1185 1716 1226 subtereti-

197 1235 279 1277 hus
310 1236 381 1277 vel
413 1238 570 1279 obtuse
600 1241 752 1279 sexies
783 1241 990 1289 cosmate,
1022 1241 1179 1281 anticis
1211 1240 1502 1294 longissimis,
1535 1244 1716 1295 posticis

196 1292 495 1347 brevissimis3
524 1296 683 1337 tibiis
714 1295 1064 1351 ‹piadriquetris,
1098 1296 1382 1347 ecalcaratis,
1413 1300 1571 1339 amicis
1603 1312 1716 1353 qua-

196 1354 295 1390 tuor
322 1352 507 1403 muticis,
538 1353 720 1406 posticis
753 1358 884 1393 extus
916 1358 960 1393 et
990 1355 1031 1393 in
1063 1355 1188 1407 apice
1222 1355 1435 1407 spinosis3
1466 1357 1601 1396 tarsis
1634 1358 1716 1397 tri-

196 1407 461 1448 articnlatis:
493 1410 686 1450 articulis
710 1408 875 1450 duobus
908 1411 1056 1463 primis
1080 1415 1265 1464 ‹piatuor
1285 1412 1519 1452 anticorum
1542 1414 1715 1454 minutis

197 1462 475 1515 cylimlricis,
518 1467 776 1518 posticorum
807 1466 1075 1519 longioribus
1110 1467 1475 1522 triangularibuS,
1516 1470 1558 1510 in
1589 1472 1715 1523 apice

196 1521 410 1572 spinosis;
441 1523 620 1563 articulo
651 1524 779 1563 tertio
808 1519 1035 1578 elongato,
1065 1524 1217 1573 tereti,
1249 1523 1525 1575 subadunm,
1555 1529 1718 1582 ungui-

195 1576 305 1619 culis
336 1577 502 1620 duobus
532 1579 800 1633 simplicibus
830 1580 1109 1635 plautulaque
1132 1582 1245 1621 inter
1277 1591 1352 1621 eos
1385 1587 1565 1625 armato,

331 1680 492 1732 Species
531 1682 645 1731 liujus
673 1684 831 1732 generis
874 1684 1056 1732 regiones
1092 1683 1366 1734 intertropicas
1405 1683 1608 1735 utriusque
1638 1690 1717 1725 ter-

194 1746 325 1774 rarum
358 1738 464 1775 orbis
502 1739 688 1778 incolunt.
748 1740 981 1779 Dividuntur
1019 1740 1058 1778 in
1087 1745 1253 1790 quatuor
1283 1741 1474 1779 sectiones
1506 1742 1717 1792 natumles,

194 1803 295 1844 quae
324 1793 541 1844 Spinola
577 1795 674 1835 duce
705 1796 764 1835 his
798 1797 898 1835 notis
930 1796 1114 1846 distingui
1146 1802 1320 1848 possunt.

237 1868 265 1902 Ι.
290 1869 486 1902 Processus
508 1871 636 1914 capitis
661 1871 937 1907 horizontaliter
961 1876 1160 1916 porrectus,
1185 1873 1407 1907 vesiculosus
1426 1876 1461 1906 et
1478 1875 1645 1918 nodosus,
1671 1876 1718 1909 li-

285 1914 365 1946 neis
392 1917 554 1957 angustis
585 1918 734 1949 elevatis
761 1919 1000 1959 syniinetrieis
1026 1919 1062 1951 in
1092 1923 1193 1950 octo
1223 1920 1361 1950 areolas
1388 1919 1536 1961 divisus,
1564 1926 1717 1962 quatuor

284 1960 503 2002 superiores,
530 1973 634 1994 unam
663 1963 829 2006 utrinque
855 1965 1054 2005 lateralem,
1085 1964 1172 1995 ‹luas
1193 1964 1383 1996 inferiores
1405 1963 1465 2002 (cf.
1481 1964 1535 2005 sig).
1552 1969 1582 1998 2.
1599 1970 1629 1999 3.
1643 1967 1715 2001 tab.

284 2006 623 2048 s111›g.1‹‘11¹g0rae);
654 2008 721 2040 liae
749 2014 901 2051 quatuor
930 2020 949 2040 e
975 2009 1115 2050 fronte,
1148 2008 1232 2040 illae.
1258 2013 1410 2050 quatuor
1439 2020 1457 2040 e
1484 2009 1617 2042 vertice
1643 2011 1717 2044 ori-

283 2054 408 2091 untur3
449 2062 563 2092 genae
599 2057 716 2088 autem
759 2065 827 2086 non
860 2054 897 2086 in
933 2064 1138 2096 processum
1174 2054 1303 2096 capitis
1338 2058 1543 2096 transeunt,
1582 2056 1716 2099 quippe

287 2105 379 2136 quae
415 2096 537 2128 carina
573 2099 667 2142 alta,
707 2103 788 2130 ante
819 2101 958 2131 oculum
990 2108 1167 2140 quemque
1204 2098 1350 2140 spinosa
1376 2100 1418 2130 ab
1449 2110 1490 2131 eo
1527 2105 1716 2142 separatae

284 2139 357 2171 Sint
380 2140 448 2180 (fin.
478 2146 498 2173 3
540 2144 562 2179 l.
587 2145 641 2186 L).
697 2144 853 2186 Clypeus
885 2154 1014 2186 parvus
1041 2143 1361 2185 convexiusculus,
1395 2143 1528 2176 carinis
1555 2146 1717 2179 laterali-

285 2184 352 2216 bus
379 2186 474 2228 altis,
501 2188 618 2219 inedia
645 2190 773 2220 nulla
799 2191 838 2231 (I.
855 2190 875 2220 l.
892 2189 947 2230 lig).
965 2192 994 2222 2.
1010 2188 1071 2229 ΖΛ),
1121 2188 1210 2220 Alae
1229 2189 1389 2230 posticae
1408 2194 1510 2221 extus
1539 2191 1716 2232 profunde

282 2228 470 2272 sinuatae,
504 2232 539 2264 in
566 2233 668 2275 apice
695 2236 809 2267 ocello
834 2244 963 2274 magno
989 2233 1153 2273 signatae
1181 2234 1222 2274 (l.
1251 2235 1273 2268 l.
1297 2233 1351 2275 lig).
1375 2234 1434 2274 1.).
1491 2234 1629 2277 Corpus
1655 2248 1717 2270 su-

282 2285 368 2324 pra,
406 2280 576 2317 quantum
613 2279 657 2311 ab
691 2279 757 2313 alis
791 2279 945 2322 tegitur,
980 2280 1063 2312 lana
1088 2279 1196 2319 longa
1226 2289 1331 2313 cerea
1357 2279 1523 2313 vestitum
1551 2291 1579 2315 s.
1605 2282 1715 2318 dense

280 2319 491 2354 larinosuin.

557 2379 796 2421 Subgfenus
832 2385 862 2413 1.
918 2380 1203 2413 FULGORA
1241 2381 1339 2423 Spin.

280 2432 431 2474 Species
468 2433 572 2474 liujus
608 2436 821 2477 subgeneris
856 2437 1013 2469 omnium
1046 2435 1324 2477 Fulgorinorum
1362 2436 1538 2472 maximae
1572 2441 1715 2475 Ameri-

187 2487 264 2510 oam
291 2476 463 2512 incolunt.
510 2481 664 2513 Exstant
689 2483 732 2516 ab
759 2482 944 2516 autoribus
970 2481 1173 2524 descriptae
1199 2485 1371 2526 quatuor,
1399 2483 1527 2525 quibus
1555 2486 1716 2529 quintam

187 2532 315 2555 novam
343 2524 475 2556 addere
501 2536 660 2568 possum.

276 2623 310 2662 ³⁸)
336 2623 472 2664 Figura
492 2626 567 2658 tubi
595 2626 708 2659 analis
734 2627 848 2662 Ench.
869 2639 1052 2671 recurvae,
1079 2639 1183 2670 quani
1211 2627 1311 2660 dedit
1330 2628 1520 2672 Spinola
1545 2632 1568 2663 l.
1596 2632 1618 2666 l.
1641 2633 1713 2668 tab.

188 2669 241 2700 10.
263 2667 318 2709 fiy.
342 2673 370 2701 l.
390 2674 437 2711 2.,
460 2676 625 2713 corrupta
652 2676 718 2714 est,
745 2683 822 2705 cum
850 2673 1029 2716 appendix
1050 2684 1219 2706 carnosus
1239 2673 1327 2714 (ὑλ).
1342 2674 1391 2713 b.)
1409 2675 1610 2708 exsiccatus
1635 2683 1715 2719 post

188 2714 448 2763 morteuitstyli
475 2715 622 2749 formam
651 2719 836 2758 ostendat3
862 2721 998 2760 figurae
1023 2729 1125 2753 meae
1143 2720 1188 2752 ab
1204 2718 1402 2753 individuis
1421 2721 1604 2755 desumtae
1620 2727 1715 2768 sunt,

187 2766 280 2802 quae
304 2759 433 2803 spiritu
462 2760 534 2794 vini
563 2766 745 2797 asseri-ata
770 2774 993 2809 acceperam.
