1810 3074
483 229 580 262 an,
607 220 848 265 Melitophila.
898 218 996 260 Surbs.
1025 217 1386 254 Cremastochilidae.

332 328 366 350 a.
413 316 546 349 Tibiae
573 314 716 347 anticae
743 311 985 349 tridentatae3
1012 307 1126 350 ligula
1140 309 1293 352 elevata,
1320 309 1468 352 oblique
1490 308 1733 350 descendens3

411 376 647 405 antennarum
676 368 828 402 articulo
855 366 970 409 primo
995 365 1206 398 incrassato.

383 427 547 469 (Genera
593 428 662 458 duo
708 424 813 465 hujus
854 421 1046 455 sectionis:
1093 420 1382 463 Scaptobius
1413 424 1450 452 et
1486 422 1735 455 Genuchus

414 484 572 516 Africam
601 481 863 514 occidentalem
893 478 1068 520 tropicam
1094 481 1130 509 et
1162 478 1354 510 australem
1381 477 1615 522 inhabitant).

339 541 374 576 b.
424 540 556 573 Tibiae
584 538 726 571 anticae
752 536 974 568 bidentatae.

388 610 423 631 α,
472 597 602 638 Ligula
627 597 754 638 plana,
792 603 862 625 non
889 593 1050 633 elevata,
1082 589 1191 622 immo
1218 599 1302 622 vero
1328 589 1567 633 subconcam,
1600 591 1735 625 biloba.

433 655 595 697 (Genera
628 652 758 684 iterum
794 649 883 680 duo:
923 645 1215 688 Trichoplus
1259 649 1294 678 et
1338 645 1658 680 Coenocliilus
1700 649 1735 681 in

479 710 609 742 iisdem
636 707 782 739 Africae
802 703 1012 744 regionibus
1039 706 1075 734 et
1096 702 1132 734 in
1160 702 1260 735 India
1283 701 1450 734 orientali
1479 702 1738 747 inveniuntur).

398 771 430 808 β.
480 766 612 807 Ligula
637 765 796 804 elevata,
831 760 963 801 gibba,
992 758 1029 791 in
1057 759 1160 801 apice
1186 760 1263 801 plus
1290 758 1452 790 minusve
1479 762 1654 793 truncata.

436 834 495 855 au.
544 820 678 853 Mando
702 817 870 850 maxillae
895 815 1149 857 unidentatus,
1176 815 1264 846 dens
1298 817 1435 846 acutus.

496 878 560 920 (Et
585 877 623 909 in
651 876 717 908 hac
744 873 905 906 sectione
933 873 1001 903 ‹luo
1029 874 1172 903 exstant
1191 880 1326 912 genera
1341 870 1534 904 Africana:
1561 873 1739 915 Hoplo-

561 936 673 964 stom
688 941 733 962 us
760 932 795 961 et
820 927 1128 970 Piligurgus,
1168 926 1298 959 iisdem
1326 926 1431 959 terris
1458 929 1681 973 congenita).

440 990 494 1024 bb.
541 989 674 1022 Mando
702 987 921 1020 bidentatus.

545 1046 688 1087 (Genus
715 1046 832 1075 exstat
858 1053 965 1073 unum
992 1039 1213 1073 Asiaticum:
1254 1038 1591 1082 Centrognath
1604 1053 1625 1074 u
1638 1042 1685 1085 s).

259 1116 301 1149 ll.
349 1115 575 1147 Mesosterno
602 1112 774 1153 dilatato,
801 1120 908 1142 coxas
937 1108 1073 1140 medias
1099 1108 1304 1149 superante.

352 1167 842 1214 (Cremastochilidae
869 1164 1070 1208 spurii).

302 1230 345 1262 A.
393 1228 532 1270 Corpus
557 1227 776 1267 elongatum,
804 1223 891 1256 tarsi
919 1222 1016 1262 longi
1042 1220 1209 1263 graciles.
1255 1220 1390 1253 Mando
1420 1220 1588 1254 maxillae
1612 1221 1741 1255 biden-

397 1288 491 1316 tatus
524 1284 580 1315 vel
605 1282 640 1313 in
669 1281 772 1324 apice
799 1279 1054 1320 emarginatus.

399 1342 561 1379 (Genera
595 1339 677 1380 «luo,
705 1339 876 1370 alterum:
912 1334 1248 1376 Rhagopteryx
1273 1331 1309 1364 in
1334 1332 1422 1365 Asia
1449 1333 1616 1378 obvium,
1653 1337 1743 1368 alte-

398 1404 499 1427 rum:
534 1393 894 1436 Ptychopliorus
920 1390 958 1423 in
984 1390 1108 1422 Africa
1134 1388 1282 1421 australi
1310 1391 1345 1420 et
1371 1389 1619 1433 occidentali.)

305 1455 347 1488 B.
395 1453 534 1495 Corpus
559 1452 767 1493 dilatatum,
800 1450 1072 1491 subplanatmn,
1104 1450 1256 1489 pronoto
1284 1445 1422 1488 postice
1456 1457 1632 1489 concavo;
1671 1451 1744 1481 tar-

397 1509 447 1541 sis
474 1508 640 1540 brevibus
667 1506 817 1545 crassis3
853 1503 1040 1537 mundonis
1067 1504 1153 1535 dens
1180 1502 1345 1545 simplex.

402 1566 545 1605 (Genus
573 1564 736 1596 unicum:
770 1564 1003 1594 Macroma
1028 1560 1309 1602 (Estenomenus
1326 1560 1502 1592 Falderm.
1531 1559 1744 1602 Campsiura

398 1621 510 1663 Ilop.)
536 1622 571 1652 et
600 1619 635 1651 in
662 1618 787 1650 Africa
821 1621 856 1650 et
892 1616 928 1648 in
954 1615 1043 1648 Asia
1073 1614 1273 1657 reperitur3
1315 1614 1457 1658 species
1479 1625 1563 1647 vero
1588 1615 1624 1648 in
1656 1616 1744 1649 duas

396 1676 577 1708 sectiones
602 1674 819 1706 dividendae
844 1676 946 1715 sunt,
992 1682 1141 1714 quarum
1168 1682 1237 1704 una
1260 1671 1648 1715 Rhagopterygi,
1691 1673 1745 1705 al-

397 1738 475 1764 tera
500 1730 711 1772 Ptychop
725 1729 834 1762 horo
860 1728 1085 1770 respondet).
1114 1744 1157 1752 -·

354 1811 410 1842 Ex
448 1809 503 1841 liis
539 1808 734 1850 generibus
771 1807 808 1840 in
843 1808 965 1839 tabula
1000 1806 1141 1847 adjecta
1175 1804 1301 1847 figuris
1339 1804 1528 1846 analytIcis
1566 1806 1746 1849 explicavi

216 1873 290 1902 tum
315 1866 385 1899 tria
410 1866 471 1898 illa
490 1865 723 1907 Americana,
750 1863 891 1906 species
913 1863 1141 1896 subsamiliae
1165 1861 1320 1895 maxime
1349 1861 1486 1904 typicas
1511 1864 1746 1910 continentia,

216 1930 290 1959 tum
313 1925 383 1956 (luo
396 1922 568 1955 Africana
591 1921 745 1954 maxime
764 1921 858 1953 inter
874 1932 912 1953 se
927 1924 1092 1964 cognata,
1123 1919 1150 1952 C
1164 1930 1183 1952 o
1196 1931 1214 1951 e
1227 1918 1411 1951 nochilu
1424 1930 1455 1950 m
1482 1919 1563 1952 dico
1585 1925 1620 1954 et
1637 1923 1746 1956 Tri-

217 1982 451 2023 choplum3
499 1989 604 2021 porro
644 1978 672 2010 C
688 1990 706 2010 e
721 1981 855 2019 ntrog
872 1977 1055 2009 nathum
1071 2003 1081 2019 ,
1123 1986 1276 2019 quocum
1318 1975 1382 2007 ΗΟ
1398 1976 1550 2017 plosto
1566 1988 1627 2009 mu
1644 1989 1659 2010 s
1707 1978 1745 2012 in

216 2038 339 2070 tabula
359 2034 534 2077 singulari
551 2034 713 2077 depictus
730 2033 928 2076 comparari
945 2036 1080 2076 potest3
1105 2033 1249 2065 tandem
1264 2032 1332 2063 duo
1348 2031 1375 2063 C
1387 2042 1430 2063 re
1443 2043 1472 2063 m
1487 2042 1531 2064 as
1545 2036 1612 2065 toc
1624 2033 1667 2066 hi
1683 2036 1693 2066 l
1708 2034 1743 2067 i-

218 2094 374 2125 ‹larum
401 2090 687 2133 spuriorum:
714 2089 1097 2132 Ptychophorum
1125 2092 1161 2120 et
1185 2088 1624 2131 Rhagopterygem,
1652 2101 1744 2132 quae

216 2160 343 2182 novam
368 2147 598 2180 subfamiliae
623 2146 869 2189 mutationem,
896 2149 931 2179 et
957 2146 994 2179 in
1020 2145 1146 2178 Africa
1171 2147 1207 2177 et
1231 2143 1268 2177 in
1293 2143 1381 2176 Asia
1406 2144 1570 2189 obviam,
1596 2147 1745 2180 demon-

214 2208 341 2238 strant.
361 2221 405 2229 -

435 2369 548 2412 Gen.
592 2367 1271 2414 CREMASTOCHILUS
1312 2367 1519 2411 Knoell.

709 2452 806 2484 Neue
834 2453 945 2486 Beitr.
970 2453 1039 2484 etc.
1075 2452 1174 2482 1801.
1209 2451 1244 2484 8.

349 2514 594 2570 Clypeus
627 2516 834 2560 dilatatus
865 2517 1151 2572 amplificatus
1181 2515 1363 2571 generis
1395 2515 1622 2569 sequentis
1654 2515 1743 2566 (6).

212 2583 508 2624 Antennae
550 2583 701 2627 decies
743 2586 1024 2637 articulatae,
1063 2583 1246 2625 articulo
1285 2584 1420 2637 primo
1461 2586 1591 2624 extus
1624 2583 1745 2622 auri-

211 2650 353 2692 culato
381 2652 561 2707 generis
591 2656 817 2708 sequentis
841 2656 930 2706 (6).
964 2678 1012 2685 -—
1069 2650 1432 2694 Mandibulae
1463 2652 1527 2702 (Ι.
1553 2661 1580 2690 a
1605 2649 1744 2701 labro,

207 2720 247 2758 2.
280 2729 306 2757 a
333 2719 511 2760 maxilla
539 2721 662 2772 risa)
694 2726 824 2764 extus
856 2732 1058 2773 corneae,
1089 2725 1215 2774 parte
1245 2730 1405 2761 cornea
1436 2717 1632 2769 dilatata,
1658 2718 1731 2757 in-

203 2787 371 2826 ternam
401 2787 775 2832 membranaceam
806 2794 974 2845 partem
1004 2789 1223 2831 ambiente
1253 2788 1437 2841 basique
1476 2784 1607 2827 dente
1633 2796 1730 2827 mo-
