1737 3078
425 215 509 250 θνα.
535 213 763 258 Coleoptera.
823 213 918 250 Trib.
945 215 1234 253 Lamellicornia.

369 415 1289 462 CREMASTOCHILIDAE.

212 508 308 540 Inter
333 507 452 540 omnia
477 507 683 550 Melitop
698 506 800 539 hila
828 507 1064 540 Cetoniea
1088 519 1192 551 quam
1228 508 1382 543 maxime
1409 510 1540 546 Crem
1554 524 1603 547 a-

75 564 301 598 stochilid
315 575 364 597 ae
397 575 417 597 a
453 568 535 606 typo
575 564 734 596 familiae
768 564 942 596 recedunt
975 564 1265 608 singularemque
1299 566 1459 601 habitum
1494 571 1600 604 nobis

75 622 281 655 ostendunt.
340 622 413 654 Sed
440 632 509 653 non
538 620 680 652 habitus
707 621 828 664 solus,
870 621 1096 653 characteres
1124 622 1231 654 etiam
1259 623 1475 665 diagnostici
1501 627 1600 660 ordi-

75 689 156 711 nem
183 678 414 711 constituunt.
464 679 578 712 Quam
603 678 646 710 ob
674 688 748 710 rem
775 677 811 709 in
839 678 960 710 tabula
987 677 1127 718 adjecta
1145 678 1208 711 hos
1236 679 1463 714 characteres
1488 694 1600 724 gene-

72 734 168 767 ricos
197 736 291 767 solos
316 734 478 777 depinxi,
505 733 666 766 habitum
691 744 774 766 vero
801 744 972 775 generum
996 734 1194 777 typicorum
1213 735 1342 780 omisi,
1369 748 1445 770 cum
1468 749 1487 770 e
1508 739 1597 772 Go-

74 790 135 824 rii
160 789 570 832 Percheroniique
597 801 726 832 opere,
765 790 859 832 quod
895 789 1037 823 dicunt:
1081 791 1332 834 Monoyraphie
1356 793 1416 827 des
1444 794 1599 829 Ceeoiues

75 847 197 891 (Paris
223 851 324 883 1833.
359 847 411 890 8.)
438 846 526 879 satis
551 847 644 878 bene
668 849 920 888 cognoscatur.

462 949 804 989 Characteres
857 947 1210 987 subfamiliae:

206 1018 504 1066 MANDIBULAE
535 1029 660 1080 parte
690 1028 874 1065 externa
894 1035 1054 1065 cornea
1071 1023 1233 1073 valida,
1265 1029 1430 1079 partem
1460 1039 1598 1069 mem-

73 1093 335 1136 branaceam
367 1095 579 1135 internam
612 1092 709 1146 plus
739 1093 937 1132 minusve
962 1092 1179 1132 ambiente
1211 1091 1427 1147 denteque
1456 1095 1598 1139 basali

72 1161 395 1203 manducatorio
426 1165 706 1211 transverso,
736 1164 948 1215 angusto,
977 1163 1181 1212 arcuato,
1210 1160 1383 1216 angulis
1412 1161 1598 1205 inferio-

71 1229 192 1271 ribus
224 1227 585 1284 dependentibus.

209 1311 442 1358 MAXILLAE
473 1317 606 1373 galea
640 1326 822 1366 cornea,
858 1313 1033 1368 valida,
1071 1315 1300 1369 uncinata,
1338 1322 1467 1360 extus
1491 1320 1597 1361 bre-

72 1388 256 1429 vissime
285 1391 460 1439 setosa3
492 1384 704 1426 mandene
734 1382 906 1434 valido,
937 1385 1054 1424 intus
1084 1388 1250 1437 setoso,
1281 1387 1407 1439 apice
1437 1387 1597 1430 denta-

72 1459 138 1497 to:
178 1454 287 1495 dens
320 1452 595 1503 ascendens,
625 1452 784 1508 galeae
815 1451 1065 1505 parallelus.

206 1535 379 1581 LABIUM
407 1541 623 1593 validum,
671 1542 811 1581 rarius
847 1541 1017 1595 planum
1049 1539 1355 1596 (Trichoplus)
1384 1543 1483 1583 sive
1514 1555 1599 1584 ex-

74 1615 275 1652 cavatum
308 1609 672 1662 (Coenochilus],
703 1610 966 1662 saepissime
994 1608 1226 1660 elevatum,
1255 1621 1495 1651 convexum
1526 1611 1598 1653 vel

71 1678 364 1732 patei-iforme.
431 1678 544 1718 Pars
577 1677 750 1717 elevata
782 1681 825 1717 et
855 1675 1099 1729 amplfieata
1138 1688 1311 1730 semper
1346 1676 1482 1732 ligula
1513 1683 1597 1732 est,

73 1747 205 1788 etlam
236 1757 394 1786 cornea
426 1749 470 1786 et
501 1747 689 1786 connata
719 1755 814 1785 cum
843 1747 1000 1784 mento.

208 1827 507 1872 PROSTERNUM
529 1832 880 1888 balanopborum,
901 1836 1218 1873 mesosternum
1235 1835 1482 1887 angustum,
1499 1844 1598 1873 sae·

71 1904 253 1959 pissime
270 1902 485 1953 muticum,
514 1903 655 1943 rarius
677 1902 910 1956 planatum,
941 1900 1198 1942 subacutum
1218 1899 1598 1955 (Phagopteryx).

207 1984 436 2030 ABDOMEN
463 1991 619 2032 subtus
651 1991 804 2031 sexies
836 1988 1107 2040 annulatum,
1146 1987 1327 2044 pygidio
1359 1989 1412 2029 ab
1445 1989 1597 2043 elytris

72 2059 233 2111 libero,
266 2060 530 2112 saepissime
562 2057 805 2113 inaequali3
840 2058 1052 2112 stigmata
1073 2056 1217 2097 annuli
1248 2056 1470 2110 penultimi
1505 2057 1600 2098 ele-

72 2132 203 2180 vata,
245 2128 441 2181 spinosa.

209 2208 360 2254 PEDES
410 2216 569 2268 validi,
628 2215 745 2256 tibiis
801 2213 1015 2256 interdum
1065 2213 1257 2264 misticis,
1302 2214 1437 2255 tarsis
1473 2214 1600 2256 unius

72 2286 251 2341 generis
282 2286 332 2337 (i.
366 2296 403 2327 e.
436 2284 679 2339 Trichopli)
705 2284 1021 2325 triarticulatis.

208 2375 441 2415 Dividuntur
471 2376 623 2427 species
655 2374 746 2414 mihi
776 2380 891 2413 notae
923 2376 975 2412 32
1006 2374 1080 2412 hoc
1111 2373 1324 2412 schemate:

118 2448 145 2480 Ι.
193 2447 419 2479 Mesosterno
447 2446 560 2489 tenui,
586 2446 719 2479 mutico
746 2444 1243 2486 (Cremastochilidae
1275 2441 1504 2484 genuini).

164 2503 206 2535 A.
255 2503 417 2545 Spatium
444 2503 538 2535 inter
563 2513 670 2535 coxas
698 2502 835 2534 medias
863 2501 1176 2543 angustissimum,
1204 2499 1362 2540 lineare;
1402 2498 1515 2540 ligula
1540 2508 1605 2542 pa-

253 2558 472 2599 teriformis3
514 2562 747 2591 antennarum
775 2558 927 2591 articulo
957 2557 1071 2600 primo
1099 2555 1310 2589 auriculato.

256 2616 354 2657 (Huc
382 2615 728 2648 Creinastochilidae
761 2614 968 2648 Amet-leani
1004 2624 1196 2656 generum:
1242 2610 1604 2646 Cremastochi-

257 2673 353 2714 lus,
386 2670 711 2704 Psilocnemis
738 2674 774 2703 et
801 2670 1087 2712 Cyclidius).

164 2728 205 2760 B.
256 2727 420 2770 Spatium
450 2728 551 2759 adest
575 2727 669 2760 inter
696 2738 802 2761 coxas
824 2726 961 2760 medias
988 2729 1191 2769 angustum,
1218 2724 1281 2757 sed
1306 2724 1488 2766 paululum
1519 2735 1604 2758 con-

249 2794 375 2818 vexum
390 2811 400 2829 ‚
432 2782 651 2828 spiriforme.
1297 2823 1317 2844 ῃ
