1737 3078
413 228 494 260 Ord.
522 226 739 269 Rhynchota.
797 227 889 261 Trib.
917 227 1098 262 Cicadina.

256 581 448 625 Genus
478 582 766 626 TYPIILO
781 582 973 626 CYBA
1004 583 1227 627 Ger-mari.

183 709 301 742 Jassus
328 707 436 744 Fabr.
464 708 567 741 Lair.
615 724 662 730 -—-
710 705 878 739 Cicadula
903 709 1066 743 Zetterse.
1086 709 1152 742 Fu.
1180 710 1295 751 Lupp.

494 764 675 807 Eupteryx
703 763 801 796 Cart.
828 762 881 796 br.
905 765 986 801 Eut.

66 888 145 922 Hoc
168 898 301 931 genus,
337 886 553 920 Jassinornm
576 885 708 929 species
738 885 989 921 minutissimas
1014 887 1220 933 continens,
1254 897 1396 931 prorsus
1422 895 1500 919 cum

5 954 109 977 asso
136 953 264 985 genere
286 943 468 986 congruit,
495 946 530 975 et
552 942 610 975 vix
635 943 678 974 ab
706 953 748 975 eo
775 946 890 986 potest
912 943 1092 988 distingui,
1119 955 1196 977 cum
1221 942 1322 976 ocelli
1345 952 1416 974 non
1439 941 1502 973 de-

0 999 59 1042 int,
88 999 121 1032 id
146 999 237 1041 quod
263 1000 450 1042 scriptores
474 1002 577 1032 antea
602 998 824 1031 crediderunt
847 1002 882 1031 et
900 1011 961 1042 pro
982 1000 1183 1034 charactere
1207 997 1345 1041 generis
1367 998 1501 1030 habue-

0 1060 69 1088 unt.
123 1055 293 1096 Neglecta
324 1055 430 1095 igitur
463 1054 729 1088 adumbratione
759 1064 851 1087 nnnc
877 1054 1093 1088 characteres
1120 1055 1237 1098 potius
1263 1053 1499 1095 diagnosticos

0 1111 159 1154 narrabo,
178 1111 301 1154 quibus
315 1111 545 1153 'l'yphlocyba
562 1121 582 1143 a
597 1109 704 1143 Jassis
729 1109 819 1144 veris
839 1112 953 1153 potest
970 1109 1160 1153 distingui3
1185 1115 1267 1145 sunt
1291 1120 1373 1144 vero
1398 1108 1454 1142 hi:

114 1202 293 1251 CAPUT
324 1214 401 1265 [2]
432 1213 575 1269 magis
600 1210 869 1266 elongatum:
896 1212 1065 1253 vertice
1092 1216 1304 1269 angusto,
1344 1211 1500 1252 obtuse

0 1279 164 1334 rigono,
192 1280 334 1320 antice
364 1279 616 1331 rotundat03
646 1277 952 1332 hypostomate
982 1278 1169 1334 longiori
1198 1282 1406 1328 retracto,
1437 1282 1499 1327 et,

6 1358 51 1387 ro
82 1346 282 1386 animalis
312 1345 638 1402 magnitudine,
678 1345 843 1396 majori.
902 1345 1173 1387 Derivantur
1202 1358 1258 1387 ex
1289 1345 1372 1386 hac
1403 1344 1497 1385 for-

0 1424 43 1453 1a
84 1411 402 1466 hypostomatis
442 1413 622 1467 clypeus
653 1411 741 1463 (b.)
771 1412 908 1464 major
946 1413 1205 1466 praesertim
1242 1412 1414 1467 longior
1455 1414 1499 1451 et

0 1480 214 1532 obustior;
254 1479 347 1521 lora
379 1481 438 1531 (c.
462 1481 525 1530 c.)
557 1479 758 1534 longiora
791 1478 958 1531 maj0ra
986 1483 1031 1521 et
1060 1491 1201 1534 paene
1231 1477 1499 1531 lanceolata3

0 1558 117 1600 senae
142 1547 208 1599 (d.
229 1546 296 1598 d.)
328 1547 608 1603 angustIores
641 1549 685 1586 et
709 1548 838 1586 extus
867 1546 945 1587 vix
976 1546 1194 1589 elevatae.

112 1626 303 1674 Ocmm
323 1635 404 1677 duo
419 1636 470 1688 (i.
484 1636 540 1687 ἑ.)
553 1645 726 1689 semper
741 1636 1014 1689 reperiuntur
1030 1640 1074 1678 et
1091 1635 1262 1692 quidem
1278 1636 1322 1677 in
1339 1635 1496 1691 capitis

0 1706 110 1745 itere
139 1704 361 1756 anteriori,
391 1702 578 1745 foveolis
596 1701 764 1744 duabus
793 1715 926 1758 supra
946 1706 1160 1745 antennas
1177 1701 1438 1744 insidentes.

110 1786 404 1834 ANTENNAE
436 1795 524 1847 (3.)
553 1794 729 1851 longae,
757 1793 937 1836 articulo
966 1794 1102 1849 primo
1128 1796 1307 1847 minuto,
1334 1805 1496 1836 secun-

3 1874 26 1904 ο
58 1861 335 1918 longissimo,
367 1862 653 1916 sequentibus
683 1862 999 1915 minutissimis,
1028 1863 1194 1905 sensim
1223 1862 1494 1920 angustiori-

0 1942 51 1970 us
79 1928 229 1981 nudis,
256 1941 340 1970 uno
372 1928 567 1970 alterove
596 1931 695 1969 seta
723 1932 903 1969 armato.

104 2009 333 2063 Reliquum
361 2021 518 2064 eorpus
547 2018 575 2049 a
597 2007 726 2050 Jassi
752 2011 974 2050 structura
1002 2017 1088 2049 non
1112 2005 1277 2061 differt,
1306 2005 1492 2063 pedibus

0 2077 138 2132 lisque
167 2077 381 2131 exceptis.

103 2157 273 2204 PEoEs
314 2169 496 2221 quatuor
532 2164 774 2207 anteriores
813 2164 859 2206 in
892 2163 1031 2206 latere
1067 2167 1248 2207 externo
1287 2165 1489 2207 tibiarum

0 2245 184 2288 unquam
215 2233 367 2288 spinas
397 2231 581 2286 habent,
615 2237 659 2275 et
686 2232 816 2274 medii
844 2244 900 2274 ne
928 2233 1043 2273 intus
1075 2232 1247 2287 quidem
1275 2235 1385 2274 sctis
1412 2244 1488 2274 ar-

0 2302 71 2342 tati
96 2304 220 2353 sunt3
250 2312 342 2341 cum
370 2301 612 2341 anteriores
634 2300 709 2353 (4)
730 2305 874 2342 tamen
892 2300 1025 2341 tibiae
1054 2301 1098 2340 in
1125 2302 1288 2357 pagina
1317 2302 1487 2341 interna

0 2368 109 2409 eries
147 2366 339 2408 habeant
375 2366 656 2420 fimbriarum,
702 2369 867 2409 sensim
904 2368 1137 2421 majorum,
1176 2368 1339 2409 femora
1377 2379 1484 2407 vero

3 2446 69 2475 em
102 2435 323 2488 spinarum
348 2435 465 2474 serie
496 2439 662 2476 armata
690 2436 790 2475 sint.
826 2458 876 2464 -
944 2433 1090 2475 Pedes
1122 2436 1280 2489 postici
1305 2447 1331 2474 a
1357 2433 1484 2488 pcdi-

0 2514 45 2542 us
66 2500 299 2542 Jassorum
322 2513 407 2542 non
428 2500 644 2554 differunt,
667 2514 766 2543 nam
786 2506 913 2543 setae
930 2502 1130 2543 tibiarum
1152 2504 1350 2544 internae
1372 2512 1485 2555 pau-

0 2571 109 2611 iores
141 2569 273 2610 etiam
301 2569 347 2609 in
364 2568 518 2610 Jassis
536 2569 712 2610 minutis
733 2570 1032 2610 observantur.

103 2648 252 2696 ALAE
288 2657 364 2711 (5)
392 2657 770 2714 Typhlocybarum
804 2664 848 2701 et
874 2660 986 2701 inter
1014 2670 1064 2699 se
1104 2661 1148 2700 et
1189 2670 1217 2701 a
1251 2658 1484 2701 Jassorum

0 2724 51 2768 lis
83 2723 298 2769 differunt.
356 2725 617 2770 Differentia
643 2728 848 2783 primaria
877 2725 1052 2770 videtur
1085 2730 1205 2769 ortus
1241 2736 1384 2769 venae
1408 2737 1486 2767 ra-
