1789 3130
342 274 431 307 Ordo
455 274 484 309 1.
508 273 724 316 Rhynchota.
776 275 869 309 Trita.
897 281 927 309 Ι.
976 277 1073 312 Fam.
1099 279 1132 310 1.
1155 277 1368 314 Pediculina.

358 476 511 520 Genus
570 478 604 519 P
633 476 675 521 E
704 478 745 520 D
776 477 796 519 Ι
828 477 862 520 C
891 478 931 522 U
959 480 996 521 L
1022 478 1062 522 U
1091 479 1126 523 S
1180 483 1343 524 auctor.

479 570 679 610 Pediculus
695 577 729 610 ct
747 570 1048 622 Haematopinus
1067 570 1225 612 Leach.

235 662 414 710 CAPUT
456 671 600 728 quoad
630 673 806 713 sormam
836 673 1057 725 variabile,
1085 674 1325 729 globosum,
1355 677 1599 731 clliptieum‚

99 738 306 795 lyratum3
337 743 536 796 sincipite
564 753 676 782 nunc
704 745 899 782 truncato
927 745 1060 794 recto,
1088 755 1200 784 nunc
1218 745 1461 792 rotundato,
1488 761 1600 790 nune

94 812 221 849 acuto
252 821 287 848 s.
319 809 586 863 parabolic03
626 809 808 862 occipite
840 808 908 849 vel
948 809 1205 863 rotundato,
1243 811 1312 852 rel
1342 814 1597 868 acuminato,

92 887 301 930 processu
330 877 500 932 trigono
529 878 571 917 in
601 875 817 918 thoracem
848 882 1066 931 provecto.

226 934 491 981 RosTnUM
524 944 757 997 reti-actile,
785 946 827 985 in
849 945 992 999 capite
1012 945 1319 999 absconditum,
1347 950 1508 1005 ragina
1527 954 1597 991 tu-

92 1010 246 1053 bulosa
283 1012 397 1054 molli
438 1013 527 1066 (3.)
567 1014 608 1054 in
641 1014 766 1067 apice
806 1012 1063 1067 amplificata
1094 1013 1183 1065 (4.)
1215 1019 1346 1070 atque
1376 1016 1444 1058 hie
1474 1021 1597 1060 uncis

91 1082 261 1122 corneis
293 1080 449 1136 duplici
479 1083 594 1123 serie
626 1081 712 1134 (5.)
737 1086 912 1123 armata.
972 1080 1170 1123 Continet
1198 1082 1308 1125 haec
1337 1087 1496 1142 ragina
1526 1093 1597 1128 tu-

91 1148 234 1191 bulum
265 1162 468 1192 corneum
498 1151 610 1202 (6.),
640 1150 767 1191 facile
800 1162 823 1191 e
853 1151 961 1190 setis
995 1155 1177 1204 quatuor
1208 1153 1458 1195 consectum.

224 1208 526 1254 ARTENNAE
557 1219 790 1270 filiformes,
819 1217 1163 1272 5-artieulatae,
1194 1222 1385 1262 articulis
1410 1223 1596 1276 plerum-

93 1296 177 1339 que
202 1286 477 1340 aequalibus,
504 1286 715 1328 interdum
742 1287 903 1326 sensim
934 1287 1189 1341 minoribus,
1219 1290 1350 1343 primo
1378 1293 1597 1345 saepissi-

89 1366 158 1397 me
187 1356 454 1408 incrassato,
486 1355 676 1397 secundo
709 1355 884 1408 reliquis
915 1354 1110 1412 longiori.

228 1413 391 1460 OGULI
413 1425 706 1475 minutissimi,
737 1424 933 1476 utrinque
967 1424 1010 1464 in
1039 1425 1234 1479 occipitis
1264 1425 1402 1467 latere
1430 1429 1594 1481 postico

88 1492 239 1547 positi,
269 1493 448 1547 saepius
477 1505 562 1534 non
593 1492 823 1546 conspicui.
841 1491 892 1541 ἒἕξ)

224 1551 466 1597 THORAX
508 1562 717 1612 minutus,
755 1557 979 1599 abdomine
1010 1570 1180 1613 semper
1210 1559 1458 1616 angustior,
1487 1575 1597 1619 seg—

87 1628 245 1669 mentis
275 1628 386 1668 inter
414 1639 464 1668 se
492 1628 704 1679 connatis,
734 1625 947 1681 spiraculo
979 1626 1074 1679 (cl.)
1105 1628 1302 1682 utrinque
1333 1630 1455 1670 unico
1486 1631 1596 1671 inter

86 1694 240 1750 pedem
268 1697 446 1750 primum
477 1699 520 1736 et
550 1693 796 1736 secundum.

221 1754 494 1800 ABDOMEN
538 1775 564 1804 a
601 1762 777 1804 thorace
814 1762 1074 1815 sejunctum,
1122 1765 1361 1819 segmentis
1400 1765 1594 1806 omnibus

86 1830 319 1884 distinctis,
348 1832 603 1886 praesertim
630 1832 672 1872 in
693 1831 886 1886 margine
906 1831 1086 1872 laterali.
1144 1832 1361 1873 Numerus
1386 1845 1593 1889 segmen-

84 1903 222 1941 torum
258 1901 420 1951 variat,
459 1911 569 1940 nunc
607 1901 772 1953 septem
785 1927 799 1948 ,
840 1911 950 1940 nune
981 1901 1098 1949 octo,
1138 1912 1248 1941 nunc
1278 1914 1444 1942 noi-em.
1503 1901 1593 1943 Su-

84 1969 284 2024 per-ficies
313 1968 551 2010 abdominis
580 1967 791 2022 papillosa
821 1969 916 2008 sive
945 1968 1181 2020 aciculata,
1213 1971 1321 2010 setis
1355 1971 1496 2027 longis
1529 1973 1591 2011 ri-

82 2038 201 2094 gidis
241 2039 409 2093 sparsis
448 2038 646 2079 obsessa.
707 2035 934 2090 Spin-acula
972 2049 1145 2091 semper
1179 2049 1260 2077 sex
1292 2040 1333 2079 in
1365 2039 1591 2080 abdomine

84 2105 257 2158 adsunt,
284 2110 414 2160 atque
443 2107 481 2146 si
508 2104 719 2146 abdomen
750 2112 917 2158 septem
942 2103 1073 2145 habet
1100 2110 1342 2161 segmenta,
1368 2109 1408 2147 in
1435 2109 1589 2148 antieis

84 2187 181 2226 sex,
206 2176 243 2215 si
274 2178 384 2225 octo,
412 2175 453 2214 in
472 2171 626 2213 mediis
650 2183 747 2225 sex,
778 2174 814 2212 si
843 2184 1010 2224 norem,
1040 2174 1081 2213 in
1100 2175 1224 2214 tertio
1246 2179 1288 2215 et
1308 2177 1588 2229 sequentibus

85 2246 270 2299 quinque
299 2254 436 2297 usque
475 2241 531 2283 ad
560 2254 715 2282 nonum
743 2243 1025 2296 reperiuntur.
1087 2242 1239 2284 Omnia
1269 2245 1485 2298 spiracula
1515 2258 1587 2285 or-

82 2312 290 2355 bicularia
320 2313 420 2351 sunt
445 2314 574 2364 atque
599 2311 641 2350 in
668 2310 762 2363 ipso
790 2309 929 2350 medio
951 2321 1055 2363 poro
1082 2312 1240 2352 minuto
1273 2317 1420 2365 aperto
1442 2313 1587 2367 perfo-

82 2387 189 2424 rata.
248 2380 296 2422 In
326 2379 528 2421 Pedieulo
555 2380 709 2433 eapitis
740 2377 922 2419 humano
960 2377 1069 2420 haee
1100 2381 1313 2433 spiracula
1348 2381 1585 2422 abdominis

83 2453 193 2492 bene
214 2452 454 2499 cernuntur,
485 2446 565 2488 sed
590 2447 845 2501 spiraculum
873 2445 1062 2487 thoi-aeis
1095 2449 1206 2488 inter
1237 2448 1387 2502 pedem
1412 2451 1585 2503 primum

83 2524 127 2561 et
159 2517 393 2559 secundum
420 2516 547 2557 facile
577 2515 775 2557 confundi
807 2520 947 2569 potest
977 2528 1069 2556 cum
1100 2517 1269 2571 papillis
1298 2517 1477 2569 duabus,
1509 2531 1585 2557 se-

82 2593 169 2630 tam
206 2587 380 2627 brevem
419 2585 696 2640 gerentibus,
737 2596 847 2638 quae
886 2596 1019 2637 supra
1052 2596 1206 2625 coxam
1236 2585 1358 2639 pedis
1392 2587 1511 2640 primi
1543 2590 1578 2625 el

81 2654 260 2698 secundi
291 2655 333 2695 in
363 2666 524 2694 summo
553 2652 743 2694 thoracis
769 2654 964 2708 margine
986 2653 1109 2708 nigro
1133 2654 1294 2706 jacent.
1357 2653 1476 2696 Cave
1496 2657 1583 2711 igi-

171 2798 208 2834 *)
237 2796 276 2828 In
298 2793 471 2827 Pediculis
495 2792 635 2825 minutis
660 2794 712 2826 vel
738 2792 976 2825 minutissimis
999 2794 1144 2826 Glirimn
1171 2794 1259 2827 oculi
1284 2798 1423 2837 propter
1446 2795 1582 2826 nimiam

80 2852 303 2894 exiguitatem
329 2849 481 2894 conspici
504 2853 699 2893 nequeunt,
730 2849 789 2883 sed
816 2860 881 2882 uon
908 2849 1049 2893 dubito,
1073 2850 1154 2893 quin
1180 2851 1303 2883 adsint.
