<?xml version="1.0" encoding="UTF-8"?>
<!DOCTYPE html PUBLIC "-//W3C//DTD XHTML 1.0 Transitional//EN"
    "http://www.w3.org/TR/xhtml1/DTD/xhtml1-transitional.dtd">
<html xmlns="http://www.w3.org/1999/xhtml" xml:lang="en" lang="en">
 <head>
  <title>
</title>
<meta http-equiv="Content-Type" content="text/html;charset=utf-8" />
  <meta name='ocr-system' content='tesseract 3.04.00' />
  <meta name='ocr-capabilities' content='ocr_page ocr_carea ocr_par ocr_line ocrx_word'/>
</head>
<body>
  <div class='ocr_page' id='page_1' title='image "./generaqudamins00burm_0029.png"; bbox 0 0 1789 3130; ppageno 0'>
   <div class='ocr_carea' id='block_1_1' title="bbox 229 201 1460 245">
    <p class='ocr_par' dir='ltr' id='par_1_1' title="bbox 229 201 1460 245">
     <span class='ocr_line' id='line_1_1' title="bbox 229 201 1460 245; baseline 0.008 -10"><span class='ocrx_word' id='word_1_1' title='bbox 229 205 320 238; x_wconf 78' lang='lat' dir='ltr'>Ordo</span> <span class='ocrx_word' id='word_1_2' title='bbox 345 203 370 239; x_wconf 85' lang='lat'>1.</span> <span class='ocrx_word' id='word_1_3' title='bbox 398 201 610 244; x_wconf 85' lang='lat' dir='ltr'>Rhynchota.</span> <span class='ocrx_word' id='word_1_4' title='bbox 662 204 803 240; x_wconf 53' lang='lat' dir='ltr'>Trunci.</span> <span class='ocrx_word' id='word_1_5' title='bbox 830 204 1006 240; x_wconf 78' lang='lat' dir='ltr'>Oicadina.</span> <span class='ocrx_word' id='word_1_6' title='bbox 1053 207 1151 242; x_wconf 81' lang='lat' dir='ltr'>Fam.</span> <span class='ocrx_word' id='word_1_7' title='bbox 1175 209 1207 242; x_wconf 80' lang='lat'>5.</span> <span class='ocrx_word' id='word_1_8' title='bbox 1235 205 1460 245; x_wconf 81' lang='lat' dir='ltr'>Cicadeuina.</span> 
     </span>
    </p>
   </div>
   <div class='ocr_carea' id='block_1_2' title="bbox 407 406 1285 453">
    <p class='ocr_par' dir='ltr' id='par_1_2' title="bbox 407 406 1285 453">
     <span class='ocr_line' id='line_1_2' title="bbox 407 406 1285 453; baseline 0.001 -3"><span class='ocrx_word' id='word_1_9' title='bbox 407 407 560 450; x_wconf 77' lang='lat' dir='ltr'>Genus</span> <span class='ocrx_word' id='word_1_10' title='bbox 601 406 646 450; x_wconf 85' lang='lat' dir='ltr'>X</span> <span class='ocrx_word' id='word_1_11' title='bbox 659 406 698 450; x_wconf 87' lang='grc' dir='ltr'>Ε</span> <span class='ocrx_word' id='word_1_12' title='bbox 711 408 751 449; x_wconf 71' lang='lat' dir='ltr'>lt</span> <span class='ocrx_word' id='word_1_13' title='bbox 761 406 796 450; x_wconf 87' lang='grc' dir='ltr'><strong>Ο</strong></span> <span class='ocrx_word' id='word_1_14' title='bbox 809 408 844 450; x_wconf 88' lang='lat' dir='ltr'>P</span> <span class='ocrx_word' id='word_1_15' title='bbox 856 407 898 450; x_wconf 90' lang='lat' dir='ltr'>H</span> <span class='ocrx_word' id='word_1_16' title='bbox 909 408 946 450; x_wconf 90' lang='lat' dir='ltr'>L</span> <span class='ocrx_word' id='word_1_17' title='bbox 958 408 995 452; x_wconf 83' lang='lat'>0</span> <span class='ocrx_word' id='word_1_18' title='bbox 1008 407 1049 452; x_wconf 88' lang='grc' dir='ltr'>Ε</span> <span class='ocrx_word' id='word_1_19' title='bbox 1061 410 1101 451; x_wconf 83' lang='grc' dir='ltr'><strong>Α</strong></span> <span class='ocrx_word' id='word_1_20' title='bbox 1139 408 1285 453; x_wconf 75' lang='lat' dir='ltr'>Germ.</span> 
     </span>
    </p>
   </div>
   <div class='ocr_carea' id='block_1_3' title="bbox 91 499 1601 2820">
    <p class='ocr_par' dir='ltr' id='par_1_3' title="bbox 91 499 1596 1048">
     <span class='ocr_line' id='line_1_3' title="bbox 232 499 1594 567; baseline 0.012 -21"><span class='ocrx_word' id='word_1_21' title='bbox 232 499 409 549; x_wconf 74' lang='lat' dir='ltr'>CAPUT</span> <span class='ocrx_word' id='word_1_22' title='bbox 450 512 644 567; x_wconf 89' lang='lat' dir='ltr'>planum,</span> <span class='ocrx_word' id='word_1_23' title='bbox 687 509 952 564; x_wconf 76' lang='lat' dir='ltr'>clypeatum,</span> <span class='ocrx_word' id='word_1_24' title='bbox 988 512 1185 567; x_wconf 56' lang='lat' dir='ltr'>marqirw</span> <span class='ocrx_word' id='word_1_25' title='bbox 1221 515 1367 557; x_wconf 74' lang='lat' dir='ltr'>antico</span> <span class='ocrx_word' id='word_1_26' title='bbox 1408 517 1594 563; x_wconf 71' lang='lat' dir='ltr'>dilatato</span> 
     </span>
     <span class='ocr_line' id='line_1_4' title="bbox 94 578 1594 638; baseline 0.009 -21"><span class='ocrx_word' id='word_1_27' title='bbox 94 579 238 627; x_wconf 76' lang='lat' dir='ltr'>uculo,</span> <span class='ocrx_word' id='word_1_28' title='bbox 268 578 314 621; x_wconf 73' lang='grc' dir='ltr'>5η</span> <span class='ocrx_word' id='word_1_29' title='bbox 332 581 475 622; x_wconf 69' lang='lat' dir='ltr'>medio</span> <span class='ocrx_word' id='word_1_30' title='bbox 491 579 793 635; x_wconf 74' lang='lat' dir='ltr'>subanyululc.</span> <span class='ocrx_word' id='word_1_31' title='bbox 831 578 995 620; x_wconf 82' lang='lat' dir='ltr'>Vertex</span> <span class='ocrx_word' id='word_1_32' title='bbox 1013 579 1236 623; x_wconf 86' lang='lat' dir='ltr'>latitudine</span> <span class='ocrx_word' id='word_1_33' title='bbox 1254 584 1393 638; x_wconf 86' lang='lat' dir='ltr'>paullo</span> <span class='ocrx_word' id='word_1_34' title='bbox 1410 585 1594 638; x_wconf 70' lang='lat' dir='ltr'>brevior,</span> 
     </span>
     <span class='ocr_line' id='line_1_5' title="bbox 95 647 1594 702; baseline 0.008 -18"><span class='ocrx_word' id='word_1_35' title='bbox 95 647 358 701; x_wconf 81' lang='lat' dir='ltr'>inaequalis,</span> <span class='ocrx_word' id='word_1_36' title='bbox 396 650 440 690; x_wconf 91' lang='lat' dir='ltr'>in</span> <span class='ocrx_word' id='word_1_37' title='bbox 472 648 611 690; x_wconf 88' lang='lat' dir='ltr'>medio</span> <span class='ocrx_word' id='word_1_38' title='bbox 649 649 912 699; x_wconf 73' lang='lat' dir='ltr'>excavatus,</span> <span class='ocrx_word' id='word_1_39' title='bbox 952 649 1149 702; x_wconf 74' lang='lat' dir='ltr'>uti-Inque</span> <span class='ocrx_word' id='word_1_40' title='bbox 1187 652 1321 693; x_wconf 85' lang='lat' dir='ltr'>oculis</span> <span class='ocrx_word' id='word_1_41' title='bbox 1362 655 1594 698; x_wconf 74' lang='lat' dir='ltr'>maioribus</span> 
     </span>
     <span class='ocr_line' id='line_1_6' title="bbox 94 714 1596 779; baseline 0.009 -28"><span class='ocrx_word' id='word_1_42' title='bbox 94 717 357 758; x_wconf 73' lang='lat' dir='ltr'>terminatus,</span> <span class='ocrx_word' id='word_1_43' title='bbox 421 718 593 758; x_wconf 83' lang='lat' dir='ltr'>Frons</span> <span class='ocrx_word' id='word_1_44' title='bbox 632 715 695 768; x_wconf 89' lang='grc'>(2.</span> <span class='ocrx_word' id='word_1_45' title='bbox 722 716 786 765; x_wconf 81' lang='grc' dir='ltr'>(ι.)</span> <span class='ocrx_word' id='word_1_46' title='bbox 828 714 1263 772; x_wconf 88' lang='lat' dir='ltr'>elongato-elliptica</span> <span class='ocrx_word' id='word_1_47' title='bbox 1300 721 1596 779; x_wconf 83' lang='lat' dir='ltr'>subconvexa,</span> 
     </span>
     <span class='ocr_line' id='line_1_7' title="bbox 93 781 1596 842; baseline 0.007 -19"><span class='ocrx_word' id='word_1_48' title='bbox 93 784 287 838; x_wconf 72' lang='lat' dir='ltr'>undique</span> <span class='ocrx_word' id='word_1_49' title='bbox 312 784 423 826; x_wconf 72' lang='lat' dir='ltr'>satis</span> <span class='ocrx_word' id='word_1_50' title='bbox 449 783 557 826; x_wconf 83' lang='lat' dir='ltr'>benc</span> <span class='ocrx_word' id='word_1_51' title='bbox 583 782 830 825; x_wconf 72' lang='lat' dir='ltr'>terminata.</span> <span class='ocrx_word' id='word_1_52' title='bbox 899 781 1141 838; x_wconf 83' lang='lat' dir='ltr'>Clypeus</span> <span class='ocrx_word' id='word_1_53' title='bbox 1174 785 1236 838; x_wconf 82' lang='lat'>(2.</span> <span class='ocrx_word' id='word_1_54' title='bbox 1263 785 1323 837; x_wconf 81' lang='lat' dir='ltr'>b.)</span> <span class='ocrx_word' id='word_1_55' title='bbox 1361 790 1596 842; x_wconf 89' lang='lat' dir='ltr'>parallelo-</span> 
     </span>
     <span class='ocr_line' id='line_1_8' title="bbox 91 851 1595 913; baseline 0.005 -22"><span class='ocrx_word' id='word_1_56' title='bbox 91 864 324 907; x_wconf 87' lang='lat' dir='ltr'>grammus,</span> <span class='ocrx_word' id='word_1_57' title='bbox 354 864 587 894; x_wconf 74' lang='lat' dir='ltr'>convexus.</span> <span class='ocrx_word' id='word_1_58' title='bbox 629 852 771 892; x_wconf 86' lang='lat' dir='ltr'>Lora</span> <span class='ocrx_word' id='word_1_59' title='bbox 790 851 855 902; x_wconf 89' lang='grc'>(2.</span> <span class='ocrx_word' id='word_1_60' title='bbox 875 852 979 903; x_wconf 67' lang='lat' dir='ltr'>ac.)</span> <span class='ocrx_word' id='word_1_61' title='bbox 1000 857 1204 908; x_wconf 87' lang='lat' dir='ltr'>angusta,</span> <span class='ocrx_word' id='word_1_62' title='bbox 1228 855 1414 908; x_wconf 88' lang='lat' dir='ltr'>sinuata,</span> <span class='ocrx_word' id='word_1_63' title='bbox 1441 857 1595 913; x_wconf 83' lang='lat' dir='ltr'>clypeo</span> 
     </span>
     <span class='ocr_line' id='line_1_9' title="bbox 91 918 1594 976; baseline 0.005 -15"><span class='ocrx_word' id='word_1_64' title='bbox 91 920 302 962; x_wconf 73' lang='lat' dir='ltr'>breviora.</span> <span class='ocrx_word' id='word_1_65' title='bbox 360 919 552 962; x_wconf 87' lang='lat' dir='ltr'>Genae</span> <span class='ocrx_word' id='word_1_66' title='bbox 573 920 636 973; x_wconf 92' lang='grc'>(2.</span> <span class='ocrx_word' id='word_1_67' title='bbox 657 918 773 970; x_wconf 76' lang='lat' dir='ltr'>ch.)</span> <span class='ocrx_word' id='word_1_68' title='bbox 788 922 1018 975; x_wconf 73' lang='lat' dir='ltr'>angustae,</span> <span class='ocrx_word' id='word_1_69' title='bbox 1050 920 1220 976; x_wconf 80' lang='lat' dir='ltr'>planae,</span> <span class='ocrx_word' id='word_1_70' title='bbox 1249 923 1361 965; x_wconf 89' lang='lat' dir='ltr'>inter</span> <span class='ocrx_word' id='word_1_71' title='bbox 1380 925 1526 968; x_wconf 90' lang='lat' dir='ltr'>oculos</span> <span class='ocrx_word' id='word_1_72' title='bbox 1549 932 1594 971; x_wconf 84' lang='lat' dir='ltr'>et</span> 
     </span>
     <span class='ocr_line' id='line_1_10' title="bbox 91 987 1463 1048; baseline 0.004 -20"><span class='ocrx_word' id='word_1_73' title='bbox 91 987 272 1029; x_wconf 81' lang='lat' dir='ltr'>frontem</span> <span class='ocrx_word' id='word_1_74' title='bbox 289 987 605 1040; x_wconf 87' lang='lat' dir='ltr'>ascendentes,</span> <span class='ocrx_word' id='word_1_75' title='bbox 634 987 778 1042; x_wconf 83' lang='lat' dir='ltr'>ibique</span> <span class='ocrx_word' id='word_1_76' title='bbox 795 988 838 1028; x_wconf 89' lang='lat' dir='ltr'>in</span> <span class='ocrx_word' id='word_1_77' title='bbox 855 987 939 1029; x_wconf 87' lang='lat' dir='ltr'>fine</span> <span class='ocrx_word' id='word_1_78' title='bbox 959 1001 1121 1031; x_wconf 90' lang='lat' dir='ltr'>summo</span> <span class='ocrx_word' id='word_1_79' title='bbox 1138 992 1463 1048; x_wconf 88' lang='lat' dir='ltr'>antennigerac.</span> 
     </span>
    </p>

    <p class='ocr_par' dir='ltr' id='par_1_4' title="bbox 93 1048 1596 1247">
     <span class='ocr_line' id='line_1_11' title="bbox 227 1048 1596 1115; baseline 0.009 -23"><span class='ocrx_word' id='word_1_80' title='bbox 227 1048 519 1094; x_wconf 82' lang='lat' dir='ltr'><strong>ANTENNAE</strong></span> <span class='ocrx_word' id='word_1_81' title='bbox 549 1057 635 1109; x_wconf 82' lang='grc'>(3.)</span> <span class='ocrx_word' id='word_1_82' title='bbox 667 1056 823 1097; x_wconf 77' lang='lat' dir='ltr'>breves</span> <span class='ocrx_word' id='word_1_83' title='bbox 834 1086 848 1109; x_wconf 92' lang='lat'>,</span> <span class='ocrx_word' id='word_1_84' title='bbox 878 1056 1145 1111; x_wconf 84' lang='lat' dir='ltr'>setisormes,</span> <span class='ocrx_word' id='word_1_85' title='bbox 1182 1060 1361 1102; x_wconf 87' lang='lat' dir='ltr'>articulo</span> <span class='ocrx_word' id='word_1_86' title='bbox 1388 1063 1522 1115; x_wconf 76' lang='lat' dir='ltr'>pr1mo</span> <span class='ocrx_word' id='word_1_87' title='bbox 1550 1067 1596 1105; x_wconf 81' lang='lat' dir='ltr'>et</span> 
     </span>
     <span class='ocr_line' id='line_1_12' title="bbox 93 1122 1596 1185; baseline 0.007 -21"><span class='ocrx_word' id='word_1_88' title='bbox 93 1122 284 1165; x_wconf 88' lang='lat' dir='ltr'>secundo</span> <span class='ocrx_word' id='word_1_89' title='bbox 325 1129 476 1178; x_wconf 70' lang='lat' dir='ltr'>ovato,</span> <span class='ocrx_word' id='word_1_90' title='bbox 515 1126 641 1181; x_wconf 82' lang='lat' dir='ltr'>tertio</span> <span class='ocrx_word' id='word_1_91' title='bbox 678 1128 827 1179; x_wconf 87' lang='lat' dir='ltr'>quarto</span> <span class='ocrx_word' id='word_1_92' title='bbox 867 1129 911 1167; x_wconf 86' lang='lat' dir='ltr'>et</span> <span class='ocrx_word' id='word_1_93' title='bbox 950 1127 1094 1180; x_wconf 78' lang='lat' dir='ltr'>quInto</span> <span class='ocrx_word' id='word_1_94' title='bbox 1123 1131 1223 1170; x_wconf 88' lang='lat' dir='ltr'>seta</span> <span class='ocrx_word' id='word_1_95' title='bbox 1251 1131 1454 1185; x_wconf 86' lang='lat' dir='ltr'>armatis,</span> <span class='ocrx_word' id='word_1_96' title='bbox 1490 1132 1596 1173; x_wconf 87' lang='lat' dir='ltr'>reli-</span> 
     </span>
     <span class='ocr_line' id='line_1_13' title="bbox 95 1192 1074 1247; baseline 0.003 -16"><span class='ocrx_word' id='word_1_97' title='bbox 95 1192 192 1247; x_wconf 81' lang='lat' dir='ltr'>quis</span> <span class='ocrx_word' id='word_1_98' title='bbox 221 1193 541 1246; x_wconf 77' lang='lat' dir='ltr'>minutissimis,</span> <span class='ocrx_word' id='word_1_99' title='bbox 570 1205 653 1234; x_wconf 92' lang='lat' dir='ltr'>non</span> <span class='ocrx_word' id='word_1_100' title='bbox 683 1192 793 1234; x_wconf 84' lang='lat' dir='ltr'>bene</span> <span class='ocrx_word' id='word_1_101' title='bbox 823 1193 1074 1235; x_wconf 87' lang='lat' dir='ltr'>terminatis.</span> 
     </span>
    </p>

    <p class='ocr_par' dir='ltr' id='par_1_5' title="bbox 92 1250 1595 1371">
     <span class='ocr_line' id='line_1_14' title="bbox 225 1250 1595 1322; baseline 0.008 -24"><span class='ocrx_word' id='word_1_102' title='bbox 225 1250 416 1298; x_wconf 68' lang='lat' dir='ltr'>ocum</span> <span class='ocrx_word' id='word_1_103' title='bbox 453 1259 536 1302; x_wconf 91' lang='lat' dir='ltr'>duo</span> <span class='ocrx_word' id='word_1_104' title='bbox 567 1260 614 1302; x_wconf 75' lang='lat' dir='ltr'>in</span> <span class='ocrx_word' id='word_1_105' title='bbox 642 1260 829 1312; x_wconf 73' lang='lat' dir='ltr'>vertice,</span> <span class='ocrx_word' id='word_1_106' title='bbox 865 1260 999 1303; x_wconf 87' lang='lat' dir='ltr'>oculis</span> <span class='ocrx_word' id='word_1_107' title='bbox 1036 1260 1177 1317; x_wconf 90' lang='lat' dir='ltr'>paullo</span> <span class='ocrx_word' id='word_1_108' title='bbox 1211 1265 1352 1322; x_wconf 77' lang='lat' dir='ltr'>magIs:</span> <span class='ocrx_word' id='word_1_109' title='bbox 1387 1267 1595 1322; x_wconf 85' lang='lat' dir='ltr'>approxi-</span> 
     </span>
     <span class='ocr_line' id='line_1_15' title="bbox 92 1329 208 1371; baseline -0.017 0"><span class='ocrx_word' id='word_1_110' title='bbox 92 1329 208 1371; x_wconf 84' lang='lat' dir='ltr'>mati.</span> 
     </span>
    </p>

    <p class='ocr_par' dir='ltr' id='par_1_6' title="bbox 92 1385 1594 1523">
     <span class='ocr_line' id='line_1_16' title="bbox 225 1385 1594 1457; baseline 0.009 -25"><span class='ocrx_word' id='word_1_111' title='bbox 225 1385 519 1435; x_wconf 80' lang='lat' dir='ltr'>PRONOTUM</span> <span class='ocrx_word' id='word_1_112' title='bbox 542 1407 756 1452; x_wconf 85' lang='lat' dir='ltr'>magnum,</span> <span class='ocrx_word' id='word_1_113' title='bbox 776 1397 917 1438; x_wconf 82' lang='lat' dir='ltr'>antIce</span> <span class='ocrx_word' id='word_1_114' title='bbox 939 1396 1110 1452; x_wconf 89' lang='lat' dir='ltr'>planum</span> <span class='ocrx_word' id='word_1_115' title='bbox 1128 1399 1210 1452; x_wconf 79' lang='lat' dir='ltr'>vel,</span> <span class='ocrx_word' id='word_1_116' title='bbox 1234 1401 1376 1455; x_wconf 86' lang='lat' dir='ltr'>potius</span> <span class='ocrx_word' id='word_1_117' title='bbox 1397 1402 1594 1457; x_wconf 85' lang='lat' dir='ltr'>utrinque</span> 
     </span>
     <span class='ocr_line' id='line_1_17' title="bbox 92 1465 1194 1523; baseline 0.002 -17"><span class='ocrx_word' id='word_1_118' title='bbox 92 1468 374 1518; x_wconf 73' lang='lat' dir='ltr'>excavatum,</span> <span class='ocrx_word' id='word_1_119' title='bbox 412 1465 579 1519; x_wconf 88' lang='lat' dir='ltr'>postice</span> <span class='ocrx_word' id='word_1_120' title='bbox 609 1476 847 1506; x_wconf 72' lang='lat' dir='ltr'>convexum</span> <span class='ocrx_word' id='word_1_121' title='bbox 882 1465 978 1506; x_wconf 76' lang='lat' dir='ltr'>sive</span> <span class='ocrx_word' id='word_1_122' title='bbox 1006 1466 1194 1523; x_wconf 85' lang='lat' dir='ltr'>gibbum.</span> 
     </span>
    </p>

    <p class='ocr_par' dir='ltr' id='par_1_7' title="bbox 92 1523 1594 1729">
     <span class='ocr_line' id='line_1_18' title="bbox 227 1523 1594 1594; baseline 0.009 -24"><span class='ocrx_word' id='word_1_123' title='bbox 227 1523 564 1582; x_wconf 81' lang='lat' dir='ltr'><strong>SCUTELLUM‚</strong></span> <span class='ocrx_word' id='word_1_124' title='bbox 601 1539 806 1570; x_wconf 79' lang='lat' dir='ltr'><strong>ELYTRA</strong></span> <span class='ocrx_word' id='word_1_125' title='bbox 837 1533 898 1585; x_wconf 79' lang='grc'>(9.</span> <span class='ocrx_word' id='word_1_126' title='bbox 925 1533 987 1588; x_wconf 77' lang='lat'>9.)</span> <span class='ocrx_word' id='word_1_127' title='bbox 1018 1542 1158 1571; x_wconf 80' lang='lat' dir='ltr'><strong>ALAE</strong></span> <span class='ocrx_word' id='word_1_128' title='bbox 1193 1537 1260 1591; x_wconf 78' lang='lat' dir='ltr'>(g.</span> <span class='ocrx_word' id='word_1_129' title='bbox 1287 1535 1353 1587; x_wconf 79' lang='grc' dir='ltr'>Ιι.)</span> <span class='ocrx_word' id='word_1_130' title='bbox 1390 1550 1483 1579; x_wconf 88' lang='lat' dir='ltr'>cum</span> <span class='ocrx_word' id='word_1_131' title='bbox 1520 1543 1594 1594; x_wconf 83' lang='lat' dir='ltr'>ty-</span> 
     </span>
     <span class='ocr_line' id='line_1_19' title="bbox 92 1599 1593 1657; baseline 0.005 -15"><span class='ocrx_word' id='word_1_132' title='bbox 92 1614 145 1657; x_wconf 91' lang='lat' dir='ltr'>po</span> <span class='ocrx_word' id='word_1_133' title='bbox 175 1601 362 1642; x_wconf 79' lang='lat' dir='ltr'>familiae</span> <span class='ocrx_word' id='word_1_134' title='bbox 387 1599 744 1643; x_wconf 89' lang='lat' dir='ltr'>Cicadellinorum</span> <span class='ocrx_word' id='word_1_135' title='bbox 773 1601 858 1642; x_wconf 90' lang='lat' dir='ltr'>iam</span> <span class='ocrx_word' id='word_1_136' title='bbox 882 1602 992 1642; x_wconf 85' lang='lat' dir='ltr'>satis</span> <span class='ocrx_word' id='word_1_137' title='bbox 1026 1601 1245 1657; x_wconf 82' lang='lat' dir='ltr'>descripto</span> <span class='ocrx_word' id='word_1_138' title='bbox 1287 1607 1452 1648; x_wconf 89' lang='lat' dir='ltr'>onmino</span> <span class='ocrx_word' id='word_1_139' title='bbox 1488 1620 1593 1650; x_wconf 77' lang='lat' dir='ltr'>con-</span> 
     </span>
     <span class='ocr_line' id='line_1_20' title="bbox 93 1670 1296 1729; baseline 0.002 -17"><span class='ocrx_word' id='word_1_140' title='bbox 93 1674 276 1729; x_wconf 79' lang='lat' dir='ltr'>gruunt3</span> <span class='ocrx_word' id='word_1_141' title='bbox 304 1670 535 1725; x_wconf 80' lang='lat' dir='ltr'>clytrorum</span> <span class='ocrx_word' id='word_1_142' title='bbox 564 1673 713 1712; x_wconf 87' lang='lat' dir='ltr'>sutura</span> <span class='ocrx_word' id='word_1_143' title='bbox 742 1674 886 1723; x_wconf 88' lang='lat' dir='ltr'>recta,</span> <span class='ocrx_word' id='word_1_144' title='bbox 915 1683 999 1711; x_wconf 90' lang='lat' dir='ltr'>non</span> <span class='ocrx_word' id='word_1_145' title='bbox 1026 1672 1296 1726; x_wconf 80' lang='lat' dir='ltr'>complicans.</span> 
     </span>
    </p>

    <p class='ocr_par' dir='ltr' id='par_1_8' title="bbox 92 1729 1597 2056">
     <span class='ocr_line' id='line_1_21' title="bbox 225 1729 1595 1794; baseline 0.006 -18"><span class='ocrx_word' id='word_1_146' title='bbox 225 1729 564 1778; x_wconf 78' lang='lat' dir='ltr'><strong>SUPERFJGIES</strong></span> <span class='ocrx_word' id='word_1_147' title='bbox 596 1739 786 1793; x_wconf 86' lang='lat' dir='ltr'>corporis</span> <span class='ocrx_word' id='word_1_148' title='bbox 817 1742 1034 1793; x_wconf 84' lang='lat' dir='ltr'>punctata,</span> <span class='ocrx_word' id='word_1_149' title='bbox 1064 1742 1234 1794; x_wconf 88' lang='lat' dir='ltr'>punctis</span> <span class='ocrx_word' id='word_1_150' title='bbox 1255 1743 1484 1784; x_wconf 68' lang='lat' dir='ltr'>maioribus</span> <span class='ocrx_word' id='word_1_151' title='bbox 1513 1756 1595 1784; x_wconf 77' lang='lat' dir='ltr'>ex-</span> 
     </span>
     <span class='ocr_line' id='line_1_22' title="bbox 92 1805 1595 1866; baseline 0.003 -19"><span class='ocrx_word' id='word_1_152' title='bbox 92 1805 301 1861; x_wconf 86' lang='lat' dir='ltr'>planatis,</span> <span class='ocrx_word' id='word_1_153' title='bbox 330 1805 374 1847; x_wconf 87' lang='lat' dir='ltr'>in</span> <span class='ocrx_word' id='word_1_154' title='bbox 404 1808 550 1846; x_wconf 87' lang='lat' dir='ltr'>centro</span> <span class='ocrx_word' id='word_1_155' title='bbox 578 1805 859 1858; x_wconf 85' lang='lat' dir='ltr'>umbilicatis,</span> <span class='ocrx_word' id='word_1_156' title='bbox 890 1807 986 1847; x_wconf 73' lang='lat' dir='ltr'>sive</span> <span class='ocrx_word' id='word_1_157' title='bbox 1013 1808 1238 1863; x_wconf 87' lang='lat' dir='ltr'>granulum</span> <span class='ocrx_word' id='word_1_158' title='bbox 1268 1809 1481 1852; x_wconf 73' lang='lat' dir='ltr'>elevatum</span> <span class='ocrx_word' id='word_1_159' title='bbox 1509 1824 1595 1866; x_wconf 84' lang='lat' dir='ltr'>ge-</span> 
     </span>
     <span class='ocr_line' id='line_1_23' title="bbox 92 1871 1596 1933; baseline 0.003 -17"><span class='ocrx_word' id='word_1_160' title='bbox 92 1875 297 1916; x_wconf 72' lang='lat' dir='ltr'>rentibus·</span> <span class='ocrx_word' id='word_1_161' title='bbox 349 1871 517 1916; x_wconf 80' lang='lat' dir='ltr'>Eodem</span> <span class='ocrx_word' id='word_1_162' title='bbox 536 1872 659 1914; x_wconf 89' lang='lat' dir='ltr'>modo</span> <span class='ocrx_word' id='word_1_163' title='bbox 682 1873 933 1928; x_wconf 83' lang='lat' dir='ltr'>superficies</span> <span class='ocrx_word' id='word_1_164' title='bbox 956 1876 1145 1929; x_wconf 87' lang='lat' dir='ltr'>corporis</span> <span class='ocrx_word' id='word_1_165' title='bbox 1163 1888 1369 1932; x_wconf 79' lang='lat' dir='ltr'>generum</span> <span class='ocrx_word' id='word_1_166' title='bbox 1383 1876 1489 1933; x_wconf 82' lang='lat' dir='ltr'>Cep</span> <span class='ocrx_word' id='word_1_167' title='bbox 1504 1878 1596 1920; x_wconf 74' lang='lat' dir='ltr'>lla-</span> 
     </span>
     <span class='ocr_line' id='line_1_24' title="bbox 92 1941 1597 2004; baseline 0.003 -19"><span class='ocrx_word' id='word_1_168' title='bbox 92 1944 212 1996; x_wconf 89' lang='lat' dir='ltr'>leli,</span> <span class='ocrx_word' id='word_1_169' title='bbox 251 1942 462 1997; x_wconf 88' lang='lat' dir='ltr'>Ulopae</span> <span class='ocrx_word' id='word_1_170' title='bbox 499 1941 761 1998; x_wconf 86' lang='lat' dir='ltr'>aliorumque</span> <span class='ocrx_word' id='word_1_171' title='bbox 799 1942 998 1984; x_wconf 82' lang='lat' dir='ltr'>confecta</span> <span class='ocrx_word' id='word_1_172' title='bbox 1033 1946 1125 1998; x_wconf 72' lang='lat' dir='ltr'>est,</span> <span class='ocrx_word' id='word_1_173' title='bbox 1174 1956 1229 1986; x_wconf 88' lang='lat' dir='ltr'>ea</span> <span class='ocrx_word' id='word_1_174' title='bbox 1263 1946 1396 2002; x_wconf 83' lang='lat' dir='ltr'>igitur</span> <span class='ocrx_word' id='word_1_175' title='bbox 1431 1959 1597 2004; x_wconf 81' lang='lat' dir='ltr'>genera</span> 
     </span>
     <span class='ocr_line' id='line_1_25' title="bbox 94 2010 366 2056; baseline -0.015 0"><span class='ocrx_word' id='word_1_176' title='bbox 94 2010 366 2056; x_wconf 84' lang='lat' dir='ltr'>conserenda.</span> 
     </span>
    </p>

    <p class='ocr_par' dir='ltr' id='par_1_9' title="bbox 94 2071 1599 2476">
     <span class='ocr_line' id='line_1_26' title="bbox 228 2071 1597 2139; baseline 0.008 -22"><span class='ocrx_word' id='word_1_177' title='bbox 228 2071 396 2117; x_wconf 80' lang='lat' dir='ltr'>PEDEs</span> <span class='ocrx_word' id='word_1_178' title='bbox 422 2077 636 2135; x_wconf 81' lang='lat' dir='ltr'>graciles,</span> <span class='ocrx_word' id='word_1_179' title='bbox 675 2079 840 2120; x_wconf 90' lang='lat' dir='ltr'>omnino</span> <span class='ocrx_word' id='word_1_180' title='bbox 877 2091 970 2121; x_wconf 90' lang='lat' dir='ltr'>cum</span> <span class='ocrx_word' id='word_1_181' title='bbox 1010 2082 1112 2134; x_wconf 77' lang='lat' dir='ltr'>typo</span> <span class='ocrx_word' id='word_1_182' title='bbox 1143 2081 1319 2137; x_wconf 84' lang='lat' dir='ltr'>generis</span> <span class='ocrx_word' id='word_1_183' title='bbox 1356 2082 1597 2139; x_wconf 85' lang='lat' dir='ltr'>Eupoli-</span> 
     </span>
     <span class='ocr_line' id='line_1_27' title="bbox 94 2147 1597 2210; baseline 0.002 -18"><span class='ocrx_word' id='word_1_184' title='bbox 94 2150 179 2192; x_wconf 88' lang='lat' dir='ltr'>cis</span> <span class='ocrx_word' id='word_1_185' title='bbox 218 2152 262 2191; x_wconf 89' lang='lat' dir='ltr'>et</span> <span class='ocrx_word' id='word_1_186' title='bbox 301 2147 541 2202; x_wconf 81' lang='lat' dir='ltr'>Dorydii</span> <span class='ocrx_word' id='word_1_187' title='bbox 580 2152 880 2205; x_wconf 81' lang='lat' dir='ltr'>congruentes.</span> <span class='ocrx_word' id='word_1_188' title='bbox 949 2148 1101 2191; x_wconf 87' lang='lat' dir='ltr'>Tibiae</span> <span class='ocrx_word' id='word_1_189' title='bbox 1139 2152 1332 2204; x_wconf 83' lang='lat' dir='ltr'>posticae</span> <span class='ocrx_word' id='word_1_190' title='bbox 1370 2153 1456 2205; x_wconf 74' lang='lat'>(4.)</span> <span class='ocrx_word' id='word_1_191' title='bbox 1498 2157 1597 2210; x_wconf 88' lang='lat' dir='ltr'>qui-</span> 
     </span>
     <span class='ocr_line' id='line_1_28' title="bbox 94 2215 1598 2276; baseline 0.003 -17"><span class='ocrx_word' id='word_1_192' title='bbox 94 2218 191 2260; x_wconf 86' lang='lat' dir='ltr'>dem</span> <span class='ocrx_word' id='word_1_193' title='bbox 231 2215 548 2272; x_wconf 83' lang='lat' dir='ltr'>quadrilaterae</span> <span class='ocrx_word' id='word_1_194' title='bbox 588 2220 711 2269; x_wconf 88' lang='lat' dir='ltr'>sunt,</span> <span class='ocrx_word' id='word_1_195' title='bbox 749 2220 879 2271; x_wconf 88' lang='lat' dir='ltr'>atque</span> <span class='ocrx_word' id='word_1_196' title='bbox 917 2216 960 2257; x_wconf 89' lang='lat' dir='ltr'>in</span> <span class='ocrx_word' id='word_1_197' title='bbox 999 2229 1165 2272; x_wconf 90' lang='lat' dir='ltr'>quoquc</span> <span class='ocrx_word' id='word_1_198' title='bbox 1194 2220 1350 2276; x_wconf 86' lang='lat' dir='ltr'>angulo</span> <span class='ocrx_word' id='word_1_199' title='bbox 1381 2223 1598 2276; x_wconf 79' lang='lat' dir='ltr'>spinosae,</span> 
     </span>
     <span class='ocr_line' id='line_1_29' title="bbox 94 2284 1599 2344; baseline 0.003 -16"><span class='ocrx_word' id='word_1_200' title='bbox 94 2285 176 2329; x_wconf 83' lang='lat' dir='ltr'>sed</span> <span class='ocrx_word' id='word_1_201' title='bbox 214 2286 365 2340; x_wconf 88' lang='lat' dir='ltr'>spinae</span> <span class='ocrx_word' id='word_1_202' title='bbox 405 2286 546 2341; x_wconf 84' lang='lat' dir='ltr'>magis</span> <span class='ocrx_word' id='word_1_203' title='bbox 587 2284 794 2339; x_wconf 86' lang='lat' dir='ltr'>aequales</span> <span class='ocrx_word' id='word_1_204' title='bbox 839 2288 883 2326; x_wconf 88' lang='lat' dir='ltr'>et</span> <span class='ocrx_word' id='word_1_205' title='bbox 918 2285 1115 2326; x_wconf 87' lang='lat' dir='ltr'>rariores.</span> <span class='ocrx_word' id='word_1_206' title='bbox 1187 2287 1374 2330; x_wconf 83' lang='lat' dir='ltr'>Anticae</span> <span class='ocrx_word' id='word_1_207' title='bbox 1420 2296 1599 2344; x_wconf 84' lang='lat' dir='ltr'>quatuor</span> 
     </span>
     <span class='ocr_line' id='line_1_30' title="bbox 94 2352 1599 2408; baseline 0.003 -13"><span class='ocrx_word' id='word_1_208' title='bbox 94 2354 226 2396; x_wconf 87' lang='lat' dir='ltr'>tibiae</span> <span class='ocrx_word' id='word_1_209' title='bbox 256 2352 394 2408; x_wconf 86' lang='lat' dir='ltr'>spinis</span> <span class='ocrx_word' id='word_1_210' title='bbox 422 2353 588 2393; x_wconf 87' lang='lat' dir='ltr'>omnino</span> <span class='ocrx_word' id='word_1_211' title='bbox 627 2356 798 2405; x_wconf 82' lang='lat' dir='ltr'>carent,</span> <span class='ocrx_word' id='word_1_212' title='bbox 834 2356 962 2405; x_wconf 86' lang='lat' dir='ltr'>atque</span> <span class='ocrx_word' id='word_1_213' title='bbox 1001 2357 1125 2394; x_wconf 86' lang='lat' dir='ltr'>setae</span> <span class='ocrx_word' id='word_1_214' title='bbox 1163 2355 1374 2408; x_wconf 79' lang='lat' dir='ltr'>quaedam</span> <span class='ocrx_word' id='word_1_215' title='bbox 1412 2359 1599 2400; x_wconf 86' lang='lat' dir='ltr'>minutae</span> 
     </span>
     <span class='ocr_line' id='line_1_31' title="bbox 94 2420 1302 2476; baseline 0 -13"><span class='ocrx_word' id='word_1_216' title='bbox 94 2422 138 2463; x_wconf 88' lang='lat' dir='ltr'>in</span> <span class='ocrx_word' id='word_1_217' title='bbox 166 2421 302 2463; x_wconf 85' lang='lat' dir='ltr'>latere</span> <span class='ocrx_word' id='word_1_218' title='bbox 330 2431 476 2461; x_wconf 89' lang='lat' dir='ltr'>earum</span> <span class='ocrx_word' id='word_1_219' title='bbox 504 2420 671 2461; x_wconf 88' lang='lat' dir='ltr'>interno</span> <span class='ocrx_word' id='word_1_220' title='bbox 708 2420 845 2461; x_wconf 86' lang='lat' dir='ltr'>locum</span> <span class='ocrx_word' id='word_1_221' title='bbox 868 2420 1083 2474; x_wconf 76' lang='lat' dir='ltr'>spinarum</span> <span class='ocrx_word' id='word_1_222' title='bbox 1117 2422 1302 2476; x_wconf 86' lang='lat' dir='ltr'>implent.</span> 
     </span>
    </p>

    <p class='ocr_par' dir='ltr' id='par_1_10' title="bbox 96 2479 1601 2820">
     <span class='ocr_line' id='line_1_32' title="bbox 229 2479 1601 2546; baseline 0.007 -22"><span class='ocrx_word' id='word_1_223' title='bbox 229 2479 495 2525; x_wconf 80' lang='lat' dir='ltr'>ABDOMEN</span> <span class='ocrx_word' id='word_1_224' title='bbox 524 2487 682 2540; x_wconf 71' lang='lat' dir='ltr'>breve,</span> <span class='ocrx_word' id='word_1_225' title='bbox 712 2490 926 2539; x_wconf 87' lang='lat' dir='ltr'>conicum,</span> <span class='ocrx_word' id='word_1_226' title='bbox 958 2500 1088 2543; x_wconf 89' lang='lat' dir='ltr'>supra</span> <span class='ocrx_word' id='word_1_227' title='bbox 1118 2489 1204 2541; x_wconf 78' lang='grc'>(5.)</span> <span class='ocrx_word' id='word_1_228' title='bbox 1236 2503 1488 2546; x_wconf 75' lang='lat' dir='ltr'>convexum,</span> <span class='ocrx_word' id='word_1_229' title='bbox 1521 2507 1601 2535; x_wconf 82' lang='lat' dir='ltr'>su-</span> 
     </span>
     <span class='ocr_line' id='line_1_33' title="bbox 96 2554 1601 2615; baseline 0.003 -16"><span class='ocrx_word' id='word_1_230' title='bbox 96 2558 195 2600; x_wconf 83' lang='lat' dir='ltr'>btus</span> <span class='ocrx_word' id='word_1_231' title='bbox 235 2556 321 2608; x_wconf 78' lang='lat'>(6.)</span> <span class='ocrx_word' id='word_1_232' title='bbox 361 2554 555 2610; x_wconf 88' lang='lat' dir='ltr'>planum,</span> <span class='ocrx_word' id='word_1_233' title='bbox 599 2555 686 2597; x_wconf 90' lang='lat' dir='ltr'>illic</span> <span class='ocrx_word' id='word_1_234' title='bbox 724 2567 780 2597; x_wconf 81' lang='lat' dir='ltr'>ex</span> <span class='ocrx_word' id='word_1_235' title='bbox 820 2556 987 2597; x_wconf 79' lang='lat' dir='ltr'>annulis</span> <span class='ocrx_word' id='word_1_236' title='bbox 1027 2560 1169 2606; x_wconf 83' lang='lat' dir='ltr'>octo,</span> <span class='ocrx_word' id='word_1_237' title='bbox 1224 2557 1292 2600; x_wconf 86' lang='lat' dir='ltr'>hic</span> <span class='ocrx_word' id='word_1_238' title='bbox 1326 2571 1351 2599; x_wconf 89' lang='lat' dir='ltr'>e</span> <span class='ocrx_word' id='word_1_239' title='bbox 1389 2565 1601 2615; x_wconf 80' lang='lat' dir='ltr'>septem</span> 
     </span>
     <span class='ocr_line' id='line_1_34' title="bbox 98 2623 1598 2683; baseline 0.003 -15"><span class='ocrx_word' id='word_1_240' title='bbox 98 2626 388 2681; x_wconf 83' lang='lat' dir='ltr'>compositum.</span> <span class='ocrx_word' id='word_1_241' title='bbox 444 2623 495 2665; x_wconf 89' lang='lat' dir='ltr'>In</span> <span class='ocrx_word' id='word_1_242' title='bbox 515 2624 702 2665; x_wconf 84' lang='lat' dir='ltr'>maribus</span> <span class='ocrx_word' id='word_1_243' title='bbox 734 2637 761 2666; x_wconf 89' lang='lat' dir='ltr'>a</span> <span class='ocrx_word' id='word_1_244' title='bbox 791 2628 1016 2681; x_wconf 84' lang='lat' dir='ltr'>segmento</span> <span class='ocrx_word' id='word_1_245' title='bbox 1044 2627 1208 2667; x_wconf 73' lang='lat' dir='ltr'>ventris</span> <span class='ocrx_word' id='word_1_246' title='bbox 1229 2629 1410 2683; x_wconf 83' lang='lat' dir='ltr'>septimo</span> <span class='ocrx_word' id='word_1_247' title='bbox 1441 2631 1598 2672; x_wconf 77' lang='lat' dir='ltr'>valvu-</span> 
     </span>
     <span class='ocr_line' id='line_1_35' title="bbox 96 2692 1600 2753; baseline 0.001 -16"><span class='ocrx_word' id='word_1_248' title='bbox 96 2695 166 2737; x_wconf 86' lang='lat' dir='ltr'>lae</span> <span class='ocrx_word' id='word_1_249' title='bbox 196 2693 306 2735; x_wconf 86' lang='lat' dir='ltr'>duae</span> <span class='ocrx_word' id='word_1_250' title='bbox 335 2693 489 2748; x_wconf 88' lang='lat' dir='ltr'>planae</span> <span class='ocrx_word' id='word_1_251' title='bbox 500 2723 512 2745; x_wconf 92' lang='lat'>,</span> <span class='ocrx_word' id='word_1_252' title='bbox 542 2692 807 2747; x_wconf 84' lang='lat' dir='ltr'>spatulatae,</span> <span class='ocrx_word' id='word_1_253' title='bbox 838 2694 1010 2735; x_wconf 83' lang='lat' dir='ltr'>ciliatae</span> <span class='ocrx_word' id='word_1_254' title='bbox 1041 2694 1104 2745; x_wconf 81' lang='lat'>(0.</span> <span class='ocrx_word' id='word_1_255' title='bbox 1125 2696 1163 2735; x_wconf 90' lang='grc'>7.</span> <span class='ocrx_word' id='word_1_256' title='bbox 1182 2708 1236 2736; x_wconf 83' lang='lat' dir='ltr'>m.</span> <span class='ocrx_word' id='word_1_257' title='bbox 1252 2698 1331 2747; x_wconf 67' lang='lat' dir='ltr'>m.)</span> <span class='ocrx_word' id='word_1_258' title='bbox 1361 2709 1600 2753; x_wconf 80' lang='lat' dir='ltr'>penemque</span> 
     </span>
     <span class='ocr_line' id='line_1_36' title="bbox 97 2762 1598 2820; baseline 0.003 -14"><span class='ocrx_word' id='word_1_259' title='bbox 97 2762 350 2807; x_wconf 85' lang='lat' dir='ltr'>claudentes</span> <span class='ocrx_word' id='word_1_260' title='bbox 381 2762 650 2818; x_wconf 81' lang='lat' dir='ltr'>exoriuntur3</span> <span class='ocrx_word' id='word_1_261' title='bbox 680 2767 949 2820; x_wconf 83' lang='lat' dir='ltr'>segmentum</span> <span class='ocrx_word' id='word_1_262' title='bbox 977 2774 1080 2806; x_wconf 77' lang='lat' dir='ltr'>vero</span> <span class='ocrx_word' id='word_1_263' title='bbox 1109 2763 1226 2809; x_wconf 88' lang='lat' dir='ltr'>dorsi</span> <span class='ocrx_word' id='word_1_264' title='bbox 1256 2770 1452 2811; x_wconf 69' lang='lat' dir='ltr'>octavum</span> <span class='ocrx_word' id='word_1_265' title='bbox 1481 2769 1598 2811; x_wconf 86' lang='lat' dir='ltr'>intc-</span> 
     </span>
    </p>
   </div>
  </div>
 </body>
</html>
