1810 3074
577 285 670 318 Ordo
697 285 924 328 Coleoptera.
973 284 1069 320 Trib.
1097 285 1380 319 Lamellicornia.

214 387 337 436 dium,
377 388 410 426 si
441 386 576 434 adest,
605 389 740 428 subtus
770 388 926 428 hirtum.
984 388 1211 427 Africanum
1237 399 1361 438 genus
1389 388 1515 440 primo
1548 394 1742 428 tarsorum

212 455 453 507 postieorum
484 455 650 494 articulo
679 456 864 506 elongato
896 457 1059 508 reliquis
1089 455 1300 506 generibus
1321 462 1510 506 praestat.
1553 457 1744 495 Auctores

213 522 476 569 recentiores,
516 529 552 561 et
583 524 698 563 etiam
729 524 995 575 antiquiores,
1033 525 1111 571 jam
1149 533 1275 573 paene
1314 534 1445 561 omnes
1480 523 1740 563 eoiuliderunt

211 591 364 642 speeies
400 595 530 637 notaS,
570 591 637 629 sed
668 604 733 630 eas
765 604 841 631 non
881 591 977 630 satis
1015 595 1198 628 accurate
1241 588 1514 629 distinxerunt.
1585 591 1745 642 Species

212 658 313 697 enim
357 658 411 696 ita
443 657 588 705 dietas,
623 659 710 697 sola
741 658 1027 710 magnitudine,
1066 662 1103 696 et
1134 656 1253 696 totius
1282 658 1462 707 eorporis
1495 663 1532 697 et
1559 669 1745 697 cornuum

211 726 350 777 capitis
381 726 629 777 pronotique,
661 726 897 775 differentes,
930 739 1007 765 nou
1040 737 1181 765 revera
1209 736 1294 763 esse
1326 724 1542 773 distinctas,
1574 725 1640 764 sed
1674 738 1746 777 po-

209 793 286 832 tius
325 794 560 842 varietates,
601 798 683 845 jam
735 808 783 835 ex
834 797 1025 847 analogia
1074 794 1399 846 Coleopterorum
1449 797 1658 844 maiorum,
1706 796 1745 833 in

209 859 373 912 Europa
408 861 689 912 habitantium,
736 877 783 905 ex
824 876 885 915 gr.
916 864 1067 903 Lucani
1105 862 1230 909 cervi,
1278 861 1486 912 Geotrupis
1527 863 1746 901 nasicornis

209 928 475 980 aliorumque,
520 930 701 969 concludi
738 937 889 982 potest3
943 942 1057 982 quam
1092 930 1322 969 sententiam
1372 929 1495 968 fusius
1536 930 1616 968 alio
1657 929 1746 968 loco

211 990 449 1045 (Germar.
464 992 686 1037 Zeitschr.
706 995 739 1052 f.
765 997 806 1037 d.
824 995 1148 1052 Eulomoloyie.
1169 993 1389 1047 III.V01.)
1404 997 1622 1048 explicabo,
1648 1008 1748 1035 nune

209 1064 422 1114 generibus
451 1069 597 1103 tantum
615 1065 904 1116 perlustrandis
933 1071 1158 1117 occupatus.
1178 1091 1227 1095 --
1281 1065 1540 1105 Gliaraeteres
1563 1076 1748 1115 generum

209 1131 411 1172 naturales
441 1132 482 1170 hi
510 1137 613 1171 sunt:

208 1242 244 1286 Ι.
300 1243 655 1287 Maxillarum
705 1242 875 1299 galea
924 1242 1220 1294 edentata,
1271 1247 1472 1297 arcuata;
1531 1247 1746 1284 tar-sorum

298 1312 565 1366 1)ostic:01·u1n
597 1312 807 1353 articulus
835 1312 997 1366 primus
1030 1316 1242 1366 sequente
1268 1311 1462 1363 brevior,
1498 1312 1632 1352 tibiae
1662 1323 1745 1364 po-

293 1379 504 1420 steriores
525 1383 654 1420 extus
680 1380 722 1420 in
745 1381 870 1434 apice
890 1378 1156 1422 bidentatae.
1217 1381 1370 1422 Tibiae
1390 1379 1561 1420 antieae
1581 1391 1744 1419 marum

293 1448 451 1489 subtus
495 1446 716 1489 dentatae.
788 1447 1047 1502 Opereulum
1087 1449 1244 1490 annale
1282 1449 1381 1504 pilis
1421 1448 1628 1490 brevibus
1660 1458 1743 1501 ap-

292 1517 463 1569 pressis
493 1515 632 1557 dense
664 1516 911 1568 obsessum,
941 1521 1240 1559 tomentosum.

321 1617 358 1645 a.
395 1604 732 1646 Mandibulae
764 1614 909 1648 extus
941 1607 1216 1657 dilatatae,
1250 1608 1291 1647 in
1321 1608 1434 1659 apice
1473 1606 1738 1646 unidentatae.

386 1673 554 1713 Femora
583 1675 714 1714 antica
743 1676 861 1714 maris
892 1676 994 1715 intus
1023 1683 1112 1716 ante
1130 1688 1259 1728 genua
1281 1675 1396 1716 dente
1427 1681 1590 1714 armata.
1649 1675 1740 1714 Mas

385 1739 744 1791 splendidissimus,
783 1742 929 1782 femina
958 1754 1098 1796 opaea.
1157 1745 1370 1785 Pronotum
1401 1743 1518 1782 maris
1550 1743 1738 1790 tricorne,

384 1818 507 1847 cornu
536 1807 704 1848 medium
734 1810 931 1850 minutum.

644 1891 686 1940 1)
718 1888 1089 1930 GnALcosoMA
1111 1885 1304 1944 Hopei.
1362 1889 1471 1929 Asia.

315 1986 352 2025 b.
390 1986 730 2028 Mandibulae
763 1995 904 2029 extus
932 2001 1027 2028 nou
1057 1988 1333 2038 dilatatae,
1364 1990 1404 2028 iu
1445 1989 1557 2041 apice
1593 1987 1734 2027 biden-

387 2060 508 2096 tatae.
575 2057 745 2097 Femora
783 2059 913 2097 omnia
947 2059 1110 2106 mutina,
1157 2057 1229 2097 sed
1264 2059 1386 2098 tibiae
1423 2059 1579 2097 auticae
1614 2058 1732 2096 maris

383 2132 485 2173 pone
513 2123 647 2164 calcar
681 2124 794 2164 dente
825 2132 1013 2167 armatae.
1073 2124 1312 2176 Superficies
1345 2126 1523 2176 eorporis
1555 2126 1593 2163 in
1623 2131 1731 2164 utro-

385 2199 461 2239 que
504 2203 599 2231 sexu
640 2193 866 2232 conformis.
940 2193 1154 2233 Pronotum
1205 2193 1324 2232 maris
1373 2194 1564 2242 trimme,
1606 2204 1729 2233 cornu

389 2254 518 2296 medio
550 2271 650 2299 nunc
682 2260 835 2310 majori,
864 2271 962 2299 nune
995 2260 1189 2299 obsoleto.

644 2338 1101 2390 2)MRGA1.0SOMA
1132 2336 1338 2379 Kirbii.
1396 2340 1592 2379 Amerina.

196 2436 252 2480 11.
311 2440 667 2489 Maxillarum
696 2448 855 2505 galea
885 2447 1140 2502 dentata,
1171 2451 1351 2504 rectior-3
1391 2450 1524 2493 tibiae
1554 2448 1728 2491 antieae

309 2524 475 2554 marum
506 2514 660 2556 subtus
689 2517 892 2569 mutinae,
922 2520 1143 2571 promtum
1172 2518 1389 2559 unicorne.

250 2611 306 2653 A.
365 2612 602 2654 Tarsorum
642 2615 903 2669 postieorum
949 2614 1158 2655 articulus
1196 2616 1358 2670 primus
1399 2615 1601 2669 sequenti
1641 2625 1724 2654 ae-

372 2680 536 2733 qualis,
577 2681 649 2722 vel
693 2693 745 2723 eo
783 2683 914 2723 etiam
943 2680 1138 2735 brevior-3
1176 2682 1528 2724 maxillarum
1557 2680 1720 2735 galea

364 2747 778 2801 multidentata,
808 2748 1010 2791 dentibus
1038 2748 1318 2805 aequalibus3
1345 2749 1513 2791 femora
1544 2759 1719 2803 semper

360 2816 533 2857 mutina.
